
@book{gerbergreen2012,
	address = {New York, NY},
	author = {Gerber, Alan S and Green, Donald P},
	date-modified = {2016-06-29 15:03:08 +0000},
	publisher = {W.W. Norton},
	title = {Field Experiments: Design, Analysis, and Interpretation},
	year = {2012}}

@book{imbensrubin2015,
	address = {New York, NY},
	author = {Imbens, Guido W and Rubin, Donald B},
	date-added = {2017-09-24 19:24:12 +0000},
	date-modified = {2017-09-24 19:25:29 +0000},
	publisher = {Cambridge University Press},
	title = {Causal Inference for Statistics, Social, and Biomedical Sciences: An Introduction},
	year = {2015}}

@book{rosenbaum2002,
	address = {New York, NY},
	author = {Rosenbaum, Paul R},
	date-added = {2016-06-04 01:05:04 +0000},
	date-modified = {2021-09-11 22:25:58 -0400},
	edition = {2nd},
	publisher = {Springer},
	title = {Observational Studies},
	year = {2002}}

@book{rosenbaum2010,
	address = {New York, NY},
	author = {Rosenbaum, Paul R},
	date-added = {2016-06-04 00:42:12 +0000},
	date-modified = {2023-07-26 12:54:12 -0400},
	publisher = {Springer},
	title = {Design of Observational Studies},
	year = {2010}}

@book{rosenbaum2017,
	address = {Cambridge, MA},
	author = {Rosenbaum, Paul R},
	date-added = {2017-09-16 21:15:24 +0000},
	date-modified = {2021-01-19 13:09:47 -0400},
	publisher = {Harvard University Press},
	title = {Observation and Experiment: An Introduction to Causal Inference},
	year = {2017}}