@string{jasa = {Journal of the American Statistical Association}}
@string{tas = {American Statistician} }
@string{jes = {Journal of Educational Statistics} }
@string{jebs = {Journal of Educational and Behavioral Statistics} }
@string{socmeth = {Sociological Methodology} }
@string{socmethres = {Sociological Methods and Research} }
@string{jrssb = {Journal of the Royal Statistical Society, Series B, Methodological}}
@string{aoas= {Annals of Applied Statistics}}
@string{annstat = {Annals of Statistics}}
@string{annmathstat = {Annals of Mathematical Statistics}}
@string{statsci = {Statistical Science}}
@string{jrss = {Journal of the Royal Statistical Society}}
@string{jcgs = {Journal of Computational and Graphical Statistics}}
@string{applstat = {Applied Statistics}}

@string{aje = {American Journal of Epidemiology}}
@string{statmed = {Statistics in Medicine}}
@string{jce ={Journal of Clinical Epidemiology}}

@string{jhr = {Journal of Human Resources}}
@string{reveconstat = {Review of Economics and Statistics}}

@string{jama = {Journal of the American Medical Association}}
@string{jos = {{Journal of Official Statistics}}}
