

@Article{lennerzetal2013,
author = 	 {Lennerz,  Belinda S and Alsop,David C and Holsen,Laura M and Stern,Emily and Rojas,Rafael and Ebbeling,Cara B and Goldstein,Jill M and Ludwig, David S},
  title = 	 {Effects of dietary glycemic index on brain regions related to reward and craving in men},
  journal = 	 {Am J Clin Nutr},
  year = 	 {2013},
  doi =          {10.3945/ajcn.113.064113},
}

@article{humphrey2002postmenopausal,
  title={Postmenopausal hormone replacement therapy and the primary prevention of cardiovascular disease},
  author={Humphrey, L.L. and Chan, B.K.S. and Sox, H.C.},
  journal={Annals of internal medicine},
  volume={137},
  number={4},
  pages={273},
  year={2002},
  publisher={Am Coll Physicians},
  local-url = {~/Documents/aclit/humphreyetal2002\,\ HRT-obs-vs-rct.pdf}  

}


@techreport{finkelstein2011oregon,
  title={The Oregon health insurance experiment: evidence from the first year},
  author={Finkelstein, A. and Taubman, S. and Wright, B. and Bernstein, M. and Gruber, J. and Newhouse, J.P. and Allen, H. and Baicker, K. and others},
  year={2011},
  institution={National Bureau of Economic Research}, 
  number={w17190},
  url={http://www.nber.org/papers/w17190}
}


@Article{cerdaetal2011,
  author = 	 {Cerda, M. and Morenoff, J.D. and Hansen, B.B. and Tessari Hicks, K.J. and Duque, L.F. and Restrepo, A. and Diez Roux, A.V.},
  title = 	 {Reducing violence by
  transforming neighborhoods: A natural experiment in Medell{\'i}n.},
  journal = 	 {American Journal of Epidemiology},
  year = 	 {2012},
  volume = {175},
  number = {10},
  pages = {1045--53},
  url = {http://aje.oxfordjournals.org/cgi/content/full/kwr428?ijkey=YrGfw2zq6vOY26U&keytype=ref},
  doi = {10.1093/aje/kwr428},
}


@Article{hhansenetal09,
  author = 	 {Hansen, Helena and Rodriguez, Jessica and Hansen, Ben B. and Kleyman, Yevgeniya and Rebhun, Linda-Anne and George, Tony P.},
  title = 	 {Comparison of Faith-Based with Biopsychosocial Treatment for Male Drug Abusers in {P}uerto {R}ico},
  journal = 	 {American Journal on Addictions},
  year = 	 {2009},
  note = 	 {in submission}
}

@article{king2009public,
  title={{Public policy for the poor? A randomised assessment of the Mexican universal health insurance programme}},
  author={King, G. and Gakidou, E. and Imai, K. and Lakin, J. and Moore, R.T. and Nall, C. and Ravishankar, N. and Vargas, M. and T{\'e}llez-Rojo, M.M. and {\'A}vila, J.E.H. and others},
  journal={The Lancet},
  volume={373},
  number={9673},
  pages={1447--1454},
  year={2009},
  publisher={Elsevier}
}

@Article{reinisch1995iue,
  author = 	 {Reinisch, June M and Sanders, Stephanie A. and Mortensen, Erik L and Rubin, Donald B.},
  title = 	 {In utero exposure to phenobarbital and intelligence deficits in adult men},
  journal = 	 jama,
  year = 	 {1995},
  volume = 	 {274},
  number = 	 {19},
  pages = 	 {1518--1525}
}

@article{reinisch1996utero,
  title={{In Utero Exposure to Phenobarbitol and Intelligence Deficits in Adult Men}},
  author = 	 {Reinisch, June M and Sanders, Stephanie A. and Mortensen, Erik L and Rubin, Donald B.},
  journal={Obstetrical \& Gynecological Survey},
  volume={51},
  number={5},
  pages={273},
  year={1996}
}

@article{antonioli2005rct,
  title={{Randomised controlled trial of animal facilitated therapy with dolphins in the treatment of depression}},
  author={Antonioli, C. and Reveley, M.A.},
  journal={British Medical Journal},
  volume={331},
  number={7527},
  pages={1231},
  year={2005},
  publisher={Br Med Assoc}
}
@article{harvey2005ace,
  title={{Assessment of the clinical effectiveness of pulmonary artery catheters in management of patients in intensive care (PAC-Man): a randomised controlled trial}},
  author={Harvey, S. and Harrison, D.A. and Singer, M. and Ashcroft, J. and Jones, C.M. and Elbourne, D. and Brampton, W. and Williams, D. and Young, D. and Rowan, K.},
  journal={The Lancet},
  volume={366},
  number={9484},
  pages={472--477},
  year={2005},
  publisher={Elsevier}
}

@Article{morenoffetal:2007,
  author = 	 {Morenoff, Jeffrey D. and  House, James S. and  Hansen, Ben B. and  Williams, David R. and  Kaplan, George A. and Hunte, Haslyn E.},
  title = 	 {Understanding social disparities in hypertension prevalence, awareness, treatment, and control: The role of neighborhood context},
  journal = 	 {Social Science \& Medicine},
  year = 	 {2007},
  volume = 	 {65},
  number = 	 {9},
  pages = 	 {1853--1866},
  month = 	 {November},
  url =          {http://www.sciencedirect.com/science/article/B6VBF-4P7FHTB-1/1/77dde63c59efedad2d072eac596d304a}
}

@article{schulz1995src,
  title={{Subverting randomization in controlled trials}},
  author={Schulz, Kenneth F},
  journal={Journal of the American Medical Association},
  volume={274},
  number={18},
  pages={1456--1458},
  year={1995},
  publisher={Am Med Assoc}
}

@article{silberetal2001mvm,
  title={{Multivariate matching and bias reduction in the surgical outcomes study}},
  author={Silber, J.H. and Rosenbaum, P.R. and Trudeau, M.E. and Even-Shoshan, O. and Chen, W. and Zhang, X. and Mosher, R.E.},
  journal={Medical Care},
  volume={39},
  number={10},
  pages={1048--1064},
  year={2001}
}

@Article{moons:etal:2004,
  author = 	 {Moons, K.G.M. and Donders, A. Rogier T. and Steyerberg, E.W. and Harrell, F.E.},
  title = 	 {Penalized maximum likelihood estimation to directly adjust diagnostic and prognostic prediction models for overoptimism: a clinical example},
  journal = 	 jce,
  year = 	 {2004},
  volume = 	 {57},
  pages = 	 {1262--1270},
}

@Article{ghavamian:etal:1999,
   author = {Ghavamian, R. and Bergstralh, E.J. and Blute, M.L. and
   Slezak, J. and Zincke, H.},
   title = {Radical Retropubic Prostatectomy plus Orchiectomy versus Orchiectomy Alone for pTxN+ Prostate
Cancer: A Matched Comparison},
   journal = {Journal of Urology},
   year = {1999},
   volume = {161},
   number = {4},
   pages = {1223--1227},
}



@Article{connors:etal:1996,
  author = 	 {
Connors, A.F. Jr and Speroff, T and Dawson, NV and Thomas, C and Harrell, FE Jr and Wagner, D and Desbiens, N and Goldman, L and Wu, AW and Califf, RM and Fulkerson, WJ Jr and Vidaillet, H and Broste, S and Bellamy, P and Lynn, J and Knaus, WA},
  title = 	 {The Effectiveness of Right Hearth Catheterization in the Initial Care of Critically Ill Patients.  SUPPORT Investigators.},
  journal = 	 {Journal of the American Medical Association},
  year = 	 {1996},
  volume = 	 {276},
  number = 	 {11},
  pages = 	 {889--97},
  month = 	 {September 18},
}

@Article{White:etal:1997,
  author = 	 {White, Mary C. and Etzel, Ruth A. and Olson, David R. and Goldstein, Inge F.},
  title = 	 {Reexamination of Epidemic Asthma in New Orleans, Louisiana, in Relation to the Presence of Soy at the Harbor},
  journal = 	 {American Journal of Epidemiology},
  year = 	 {1997},
  volume = 	 {145},
  number = 	 {5},
  pages = 	 {432--438},
}

@article{gray:knoc:etal:1998,
   author =  {Gray, G.C. and J.D. Knoke and S.W. Berg and F.S. 
   Wignall and E. Barrett-Connor},
   title =   {Counterpoint: responding to suppositions and 
   misunderstandings},
   journal = {American Journal of Epidemiology},
   year =    1998,
   volume = 148,
   number = 4, 
   pages = {328--333},
}
@article{haley:1988,
   author = {Haley, R.W.},
   title = {Counterpoint: {H}aley replies},
   journal = {American Journal of Epidemiology},
   year =    1988,
   volume = 148,
   number = 4, 
   pages = {334--338},
}
@article{jick:etal:1973,
   author =  {Jick, H. and Miettinen, O. and Neff, R. and et al.},
   title =   {Coffee and myocardial infarction},
   journal = {New England Journal of Medicine},
   year =    1973,
   volume = 289,
   pages = {63--77},
}
@Article{lau:etal:2000,
   author = {Lau, W.K.O. and Blute, M.L. and Weaver, A.L. and Torres,
   V.E. and Zincke, H.},
   title = {Matched comparison of radical nephrectomy vs
   nephron-sparing surgery in patients with unilateral renal cell
   carcinoma and a normal contraleteral kidney},
   journal = {Mayo Clinic Proceedings},
   year = {2000},
   volume = {75},
   number = {12}, 
   pages = {1236--1242},
}
@article{pococketal94,
   author =  {Pocock, S.J. and M. Smith and P. Baghurst},
   title =   {Environmental lead and children's intelligence: a 
   systematic review of the epidemiological evidence},
   journal = {British Medical Journal},
   year =    1994,
   pages = {89--97},
   volume = 309,
}
@article{sciarillo:alex:farr:1992,
   author =  {Sciarillo, W.G. and Alexander, G. and Farrell, K.P.},
   title =   {Lead exposure and child behavior},
   journal = {American Journal of Public Health},
   year =    1992,
   pages = {1356--1360},
   volume = {82},
   number = {10},
}
