%% This BibTeX bibliography file was created using BibDesk.
%% https://bibdesk.sourceforge.io/

%% Created for Thomas Leavitt at 2023-08-29 10:45:01 -0400 


%% Saved with string encoding Unicode (UTF-8) 

@article{cerdaetal2012,
	author = {Cerd\'{a}, Magdalena and Morenoff, Jeffrey D and Hansen, Ben B and Hicks, Kimberly J Tessari and Duque, Luis F and Restrepo, Alexandra and Diez-Roux, Ana V},
	date-added = {2016-08-04 04:40:01 +0000},
	date-modified = {2020-08-01 16:48:16 -0400},
	journal = {American Journal of Epidemiology},
	number = {10},
	pages = {1045-1053},
	title = {Reducing Violence by Transforming Neighborhoods: A Natural Experiment in {M}edell{\'\i}n, {C}olombia},
	volume = {175},
	year = {2012}}

@article{mahalanobis1936,
	author = {Mahalanobis, Prasanta Chandra},
	date-added = {2020-04-28 20:26:50 -0400},
	date-modified = {2020-04-28 20:27:44 -0400},
	journal = {Proceedings of Indian National Science Academy},
	number = {1},
	pages = {49-55},
	title = {On the Generalized Distance in Statistics},
	volume = {2},
	year = {1936}}

@article{hansenbowers2008,
	author = {Hansen, Ben B and Bowers, Jake},
	date-added = {2016-06-04 00:34:58 +0000},
	date-modified = {2017-05-04 17:26:12 +0000},
	journal = {Statistical Science},
	number = {2},
	pages = {219-236},
	title = {Covariate Balance in Simple, Stratified and Clustered Comparative Studies},
	volume = {23},
	year = {2008}}

@incollection{cochran1972,
	address = {Ames, IA},
	author = {Cochran, William Gemmell},
	booktitle = {Statistical Papers in Honor of {G}eorge {W}. {S}nedecor},
	chapter = {6},
	date-added = {2020-08-27 11:28:33 -0400},
	date-modified = {2020-08-27 11:33:36 -0400},
	editor = {Bancroft, Theodore Alfonso},
	pages = {77-90},
	publisher = {Iowa State University Press},
	title = {Observational Studies},
	year = {1972}}

@article{abadieimbens2006,
	author = {Abadie, Alberto and Imbens, Guido W},
	date-added = {2016-08-27 22:36:48 +0000},
	date-modified = {2019-07-28 19:08:34 -0400},
	journal = {Econometrica},
	number = {1},
	pages = {235-267},
	title = {Large Sample Properties of Matching Estimators for Average Treatment Effects},
	volume = {74},
	year = {2006}}

@book{rosenbaum2002a,
	address = {New York, NY},
	author = {Rosenbaum, Paul R},
	date-added = {2016-06-04 01:05:04 +0000},
	date-modified = {2021-09-11 22:25:58 -0400},
	edition = {2nd},
	publisher = {Springer},
	title = {Observational Studies},
	year = {2002}}

@article{rosenbaum1984b,
	author = {Rosenbaum, Paul R},
	date-added = {2020-04-03 18:53:13 -0400},
	date-modified = {2020-04-03 18:54:53 -0400},
	journal = {Journal of the American Statistical Association},
	number = {387},
	pages = {565-574},
	title = {Conditional Permutation Tests and the Propensity Score in Observational Studies},
	volume = {79},
	year = {1984}}

@article{rubinwaterman2006,
	author = {Rubin, Donald B and Waterman, Richard P},
	date-added = {2020-07-18 22:00:38 -0400},
	date-modified = {2020-07-18 22:01:48 -0400},
	journal = {Statistical Science},
	number = {2},
	pages = {206-222},
	title = {Estimating the Causal Effects of Marketing Interventions Using Propensity Score Methodology},
	volume = {21},
	year = {2006}}

@article{rubin1977,
	author = {Rubin, Donald B},
	date-added = {2020-04-03 19:04:56 -0400},
	date-modified = {2020-04-03 19:05:28 -0400},
	journal = {Journal of Educational Statistics},
	number = {1},
	pages = {1-26},
	title = {Assignment to Treatment Group on the Basis of a Covariate},
	volume = {2},
	year = {1977}}

@article{cochran1965,
	author = {Cochran, William G},
	date-added = {2016-06-04 00:33:15 +0000},
	date-modified = {2020-02-05 09:45:59 -0500},
	journal = {Journal of the Royal Statistical Society. Series A (General)},
	number = {2},
	pages = {234-266},
	title = {The Planning of Observational Studies of Human Populations},
	volume = {128},
	year = {1965}}

@article{heckman1998,
	author = {Heckman, James J},
	date-added = {2023-09-16 23:14:52 -0400},
	date-modified = {2023-09-16 23:15:27 -0400},
	journal = {Journal of Economic Perspectives},
	number = {2},
	pages = {101-116},
	title = {Detecting Discrimination},
	volume = {12},
	year = {1998}}

@article{broockman2011,
	author = {Broockman, David E},
	date-added = {2021-10-27 10:29:22 -0400},
	date-modified = {2021-10-27 10:30:52 -0400},
	journal = {American Journal of Political Science},
	number = {3},
	pages = {521-536},
	title = {Black Politicians Are More Intrinsically Motivated to Advance Blacks' Interests: {A} Field Experiment Manipulating Political Incentives},
	volume = {57},
	year = {2011}}

@article{fisher1960,
	author = {Fisher, Ronald Aylmer},
	date-added = {2023-09-19 12:36:02 -0400},
	date-modified = {2023-09-19 12:37:25 -0400},
	journal = {Journal of the Operations Research Society of Japan},
	pages = {1-10},
	title = {Scientific Thought and the Refinement of Human Reasoning},
	volume = {3},
	year = {1960}}

@book{fisher1935a,
	address = {Edinburgh, SCT},
	author = {Fisher, Ronald Aylmer},
	date-added = {2016-06-04 00:41:08 +0000},
	date-modified = {2019-09-14 15:25:40 -0400},
	publisher = {Oliver and Boyd},
	title = {The Design of Experiments},
	year = {1935}}

@book{remlervanryzin2015,
	address = {Thousand Oaks, CA},
	author = {Remler, Dahlia K and {Van Ryzin}, Gregg G},
	date-added = {2023-09-04 14:03:05 -0400},
	date-modified = {2023-09-04 14:04:51 -0400},
	edition = {2nd},
	publisher = {{SAGE} Publications},
	title = {Research Methods in Practice: Strategies for Description and Causation},
	year = {2015}}

@book{green2022,
	address = {New York, NY},
	author = {Green, Donald P},
	date-added = {2023-08-29 10:44:04 -0400},
	date-modified = {2023-08-29 10:44:40 -0400},
	publisher = {Cambridge University Press},
	title = {Social Science Experiments: A Hands-on Introduction},
	year = {2022}}

@book{rosenbaum2017,
	address = {Cambridge, MA},
	author = {Rosenbaum, Paul R},
	date-added = {2017-09-16 21:15:24 +0000},
	date-modified = {2021-01-19 13:09:47 -0400},
	publisher = {Harvard University Press},
	title = {Observation and Experiment: An Introduction to Causal Inference},
	year = {2017}}	

@article{wolfetal2013,
	author = {Wolf, Patrick J and Kisida, Brian and Gutmann, Babette and Puma, Michael and Eissa, Nada and Rizzo, Lou},
	date-added = {2023-08-28 15:40:28 -0400},
	date-modified = {2023-08-28 15:42:37 -0400},
	journal = {Journal of Policy Analysis and Management},
	number = {2},
	pages = {246-270},
	title = {School Vouchers and Student Outcomes: Experimental Evidence from {W}ashington, {DC}},
	volume = {32},
	year = {2013}}

@incollection{gaddis2018,
	address = {Cham, Switzerland},
	author = {Gaddis, S Michael},
	booktitle = {Audit Studies: Behind the Scenes with Theory, Method, and Nuance},
	chapter = {1},
	date-added = {2023-03-21 12:57:00 -0400},
	date-modified = {2023-03-21 12:58:38 -0400},
	editor = {Gaddis, S Michael},
	pages = {3-44},
	publisher = {Springer International Publishing},
	series = {Methodos Series},
	title = {An Introduction to Audit Studies in the Social Sciences},
	volume = {14},
	year = {2018}}

@article{gaddis2019,
	author = {Gaddis, S Michael},
	date-added = {2021-01-09 13:12:17 -0400},
	date-modified = {2021-01-09 13:13:24 -0400},
	journal = {Sociology of Race and Ethnicity},
	number = {4},
	pages = {443-455},
	title = {Understanding the `How' and `Why' Aspects of Racial-Ethnic Discrimination: A Multimethod Approach to Audit Studies},
	volume = {5},
	year = {2019}}

@article{bertrandmullainathan2004,
	author = {Bertrand, Marianne and Mullainathan, Sendhil},
	date-added = {2020-07-29 17:40:07 -0400},
	date-modified = {2021-09-24 00:44:55 -0400},
	journal = {American Economic Review},
	number = {4},
	pages = {991-1013},
	title = {Are {E}mily and {G}reg More Employable than {L}akisha and {J}amal? {A} Field Experiment on Labor Market Discrimination},
	volume = {94},
	year = {2004}}

@article{kohler-hausmann2019,
	author = {Kohler-Hausmann, Issa},
	date-added = {2021-09-28 20:17:44 -0400},
	date-modified = {2021-09-28 20:20:01 -0400},
	journal = {Northwestern University Law Review},
	number = {5},
	pages = {1163-1228},
	title = {{E}ddie {M}urphy and the Dangers of Counterfactual Causal Thinking about Detecting Racial Discrimination},
	volume = {113},
	year = {2019}}

@article{butlerbroockman2011,
	author = {Butler, Daniel M and Broockman, David E},
	date-added = {2020-05-12 15:46:19 -0400},
	date-modified = {2020-05-12 15:48:10 -0400},
	journal = {American Journal of Political Science},
	number = {3},
	pages = {463-477},
	title = {Do Politicians Racially Discriminate Against Constituents? {A} Field Experiment on State Legislators},
	volume = {55},
	year = {2011}}

@book{howellpeterson2002,
	address = {{Washington, D. C.}},
	author = {Howell, William G and Peterson, Paul E},
	date-added = {2023-08-29 11:26:43 -0400},
	date-modified = {2023-08-29 11:27:41 -0400},
	publisher = {Brookings Institution Press},
	title = {The education gap: Vouchers and urban schools},
	year = {2002}}

@incollection{hilletal2000,
	address = {Thousand Oaks, CA},
	author = {Hill, Jennifer L and Rubin, Donald B and Thomas, Neal},
	booktitle = {Research Design: {D}onald {C}ampbell's Legacy},
	chapter = {7},
	date-added = {2023-08-29 11:44:50 -0400},
	date-modified = {2023-08-29 12:01:24 -0400},
	editor = {Bickman, Leonard},
	pages = {155-180},
	publisher = {Sage Publications},
	title = {The design of the {N}ew {Y}ork school choice scholarship program evaluation},
	volume = {2},
	year = {2000}}

@article{kruegerzhu2004,
	author = {Krueger, Alan B and Zhu, Pei},
	date-added = {2023-08-29 12:04:04 -0400},
	date-modified = {2023-08-29 12:05:18 -0400},
	journal = {American Behavioral Scientist},
	number = {5},
	pages = {658-698},
	title = {Another Look at the {N}ew {Y}ork {C}ity School Voucher Experiment},
	volume = {47},
	year = {2004}}

@article{barnardetal2003,
	author = {Barnard, John and Frangakis, Constantine E and Hill, Jennifer L and Rubin, Donald B},
	date-added = {2023-08-29 12:06:18 -0400},
	date-modified = {2023-08-29 12:09:06 -0400},
	journal = {Journal of the American Statistical Association},
	number = {462},
	pages = {299-311},
	title = {Principal Stratification Approach to Broken Randomized Experiments: A Case Study of School Choice Vouchers in {N}ew {Y}ork {C}ity},
	volume = {98},
	year = {2003}}

@article{wolfetal2013,
	author = {Wolf, Patrick J and Kisida, Brian and Gutmann, Babette and Puma, Michael and Eissa, Nada and Rizzo, Lou},
	date-added = {2023-08-28 15:40:28 -0400},
	date-modified = {2023-08-28 15:42:37 -0400},
	journal = {Journal of Policy Analysis and Management},
	number = {2},
	pages = {246-270},
	title = {School Vouchers and Student Outcomes: Experimental Evidence from {W}ashington, {DC}},
	volume = {32},
	year = {2013}}

@article{berk2010,
	author = {Berk, Richard},
	date-added = {2020-10-07 13:22:41 -0400},
	date-modified = {2020-10-07 13:23:20 -0400},
	journal = {Journal of Quantitative Criminology},
	number = {4},
	pages = {481-487},
	title = {What You Can and Can't Properly Do with Regression},
	volume = {26},
	year = {2010}}

@book{freedmanetal2007,
	address = {New York, NY},
	author = {Freedman, D and Pisani, R and Purves, R},
	date-added = {2016-08-03 15:01:18 +0000},
	date-modified = {2023-08-29 12:54:23 -0400},
	edition = {4th},
	publisher = {W. W. Norton \& Company},
	title = {Statistics},
	year = {2007}}

@book{lipson2008,
	address = {Chicago, IL},
	author = {Lipson, Charles},
	date-added = {2018-01-28 21:09:35 +0000},
	date-modified = {2018-01-28 21:11:32 +0000},
	edition = {2nd},
	publisher = {University of Chicago Press},
	title = {Doing Honest Work in College: How to Prepare Citations, Avoid Plagiarism, and Achieve Real Academic Success},
	year = {2008}}

@article{bloom2003,
	author = {Bloom, Howard S},
	date-added = {2019-09-12 12:13:38 -0400},
	date-modified = {2020-02-01 11:14:41 -0500},
	journal = {Evaluation Review},
	number = {1},
	pages = {3-49},
	title = {Using ``Short'' Interrupted Time-Series Analysis to Measure the Impacts of Whole-School Reforms: With Applications to a Study of Accelerated Schools},
	volume = {27},
	year = {2003}}

@article{campbell1969,
	author = {Campbell, Donald Thomas},
	date-added = {2021-11-11 23:17:58 -0500},
	date-modified = {2021-11-11 23:20:15 -0500},
	journal = {The American Psychologist},
	number = {4},
	pages = {409-429},
	title = {Reforms as Experiments},
	volume = {24},
	year = {1969}}

@book{shadishetal2002,
	address = {Boston, MA},
	author = {Shadish, William R and Cook, Thomas D and Campbell, Donald T},
	date-added = {2019-09-12 12:20:10 -0400},
	date-modified = {2019-09-12 12:22:26 -0400},
	publisher = {Houghton Mifflin Company},
	title = {Experimental and Quasi-Experimental Designs for Generalized Causal Inference},
	year = {2002}}

@article{abadieetal2015,
	author = {Abadie, Alberto and Diamond, Alexis and Hainmueller, Jens},
	date-added = {2016-06-04 00:53:04 +0000},
	date-modified = {2017-03-01 13:30:18 +0000},
	journal = {American Journal of Political Science},
	number = {2},
	pages = {495-510},
	title = {Comparative Politics and the Synthetic Control Method},
	volume = {59},
	year = {2015}}

@article{kishoreetal2018,
	author = {Kishore, Nishant and Marqu\'{e}s, Domingo and Mahmud, Ayesha and Kiang, Mathew V and Rodriguez,  Irmary and Fuller, Arlan and Ebner, Peggy and Sorensen, Cecilia and Racy, Fabio and Lemery, Jay and Maas, Leslie and Leaning, Jennifer and Irizarry, Rafael A and Balsari, Satchit and Buckee, Caroline O},
	date-added = {2023-08-29 13:40:34 -0400},
	date-modified = {2023-08-29 13:44:53 -0400},
	journal = {The New England Journal of Medicine},
	number = {2},
	pages = {162-170},
	title = {Mortality in {P}uerto {R}ico after {H}urricane {M}aria},
	volume = {379},
	year = {2018}}

@article{arnold2019,
	author = {Arnold, Carrie},
	date-added = {2023-08-29 13:46:46 -0400},
	date-modified = {2023-08-29 13:47:54 -0400},
	journal = {Nature},
	number = {7742},
	pages = {22-25},
	title = {Death Counters},
	volume = {566},
	year = {2019}}

@article{santos-lozadahoward2018,
	author = {Santos-Lozada, Alexis R and Howard, Jeffrey T},
	date-added = {2021-08-28 00:14:46 -0400},
	date-modified = {2021-08-28 00:17:10 -0400},
	journal = {JAMA: The Journal of the American Medical Association},
	number = {14},
	pages = {1491-1493},
	title = {Use of Death Counts From Vital Statistics to Calculate Excess Deaths in {P}uerto {R}ico Following {H}urricane {M}aria},
	volume = {320},
	year = {2018}}

@article{cruz-canomead2019,
	author = {Cruz-Cano, Raul and Mead, Erin L},
	date-added = {2023-08-29 13:53:55 -0400},
	date-modified = {2023-08-29 13:54:55 -0400},
	journal = {American Journal of Public Health},
	number = {7},
	pages = {1050-1052},
	title = {Causes of Excess Deaths in {P}uerto {R}ico After {H}urricane {M}aria: A Time-Series Estimation},
	volume = {109},
	year = {2019}}

@techreport{santos-burgoaetal2018,
	address = {{Washington, D. C.}},
	author = {Santos-Burgoa, Carlos and Goldman, Ann and Andrade, Elizabeth and Barrett, Nicole and Colon-Ramos, Uriyoan and Edberg, Mark and Garcia-Meza, Alejandra and Goldman, Lynn and Roess, Amira and Sandberg, John and Zeger, Scott},
	date-added = {2023-08-29 13:57:30 -0400},
	date-modified = {2023-08-29 14:11:17 -0400},
	institution = {Milken Institute School of Public Health, The George Washington University},
	month = {August},
	title = {Ascertainment of the Estimated Excess Mortality from {H}urricane {M}ar\'{i}a in {P}uerto {R}ico},
	type = {Project Report, \url{ https://prstudy.publichealth.gwu.edu}},
	year = {2018}}

@article{sanchezetal2007,
	author = {Sanchez, Pedro and Palm, Cheryl and Sachs, Jeffrey and Denning, Glenn and Flor, Rafael and Harawa, Rebbie and Jama, Bashir and Kiflemariam, Tsegazeab and Konecky, Bronwen and Kozar, Raffaela and Lelerai, Eliud and Malik, Alia and Modi, Vijay and Mutuo, Patrick and Niang, Amadou and Okoth, Herine and Place, Frank and Sachs, Sonia Ehrlich and Said, Amir and Siriri, David and Teklehaimanot, Awash and Wang, Karen and Wangila, Justine and Zamba, Colleen},
	date-added = {2023-08-29 14:21:57 -0400},
	date-modified = {2023-08-29 14:23:41 -0400},
	journal = {Proceedings of the National Academy of Sciences},
	number = {43},
	pages = {16775-16780},
	title = {African Millennium Villages},
	volume = {104},
	year = {2007}}

@article{sachsmcarthur2005,
	author = {Sachs, Jeffrey D and Mc{A}rthur, John W},
	date-added = {2023-08-29 14:25:43 -0400},
	date-modified = {2023-08-29 14:28:29 -0400},
	journal = {Lancet},
	number = {9456},
	pages = {347-353},
	title = {The {M}illennium {P}roject: A plan for meeting the {M}illennium {D}evelopment {G}oals},
	volume = {365},
	year = {2005}}

@article{gelmanetal2022,
	author = {Gelman, Andrew and Mitchell, Shira and Sachs, Jeffrey and Sachs, Sonia},
	date-added = {2023-08-29 14:32:26 -0400},
	date-modified = {2023-08-29 14:33:24 -0400},
	journal = {Statistics and Public Policy},
	number = {1},
	pages = {1-7},
	title = {Reconciling Evaluations of the {M}illennium {V}illages Project},
	volume = {9},
	year = {2022}}

@article{mitchelletal2018,
	author = {Mitchell, Shira and Gelman, Andrew and Ross, Rebecca and Chen, Joyce and Bari, Sehrish and Huynh, Uyen Kim and Harris, Matthew W and Sachs, Sonia Ehrlich and Stuart, Elizabeth A and Feller, Avi and Makela, Susanna and Zaslavsky, Alan M and McClellan, Lucy and Ohemeng-Dapaah, Seth and Namakula, Patricia and Palm, Cheryl A and Sachs, Jeffrey D},
	date-added = {2023-08-29 14:30:22 -0400},
	date-modified = {2023-08-29 14:32:06 -0400},
	journal = {The Lancet Global Health},
	number = {5},
	pages = {500-513},
	title = {The {M}illennium {V}illages Project: A retrospective, observational, endline evaluation},
	volume = {6},
	year = {2018}}

@article{masset2020,
	author = {Masset, Edoardo and Garc\'{i}a-Hombrados Jorge and Acharya, Arnab},
	date-added = {2023-08-29 14:34:19 -0400},
	date-modified = {2023-08-29 14:36:09 -0400},
	journal = {Journal of Development Economics},
	pages = {102427},
	title = {Aiming high and falling low: The {SADA}-{N}orthern {G}hana {M}illennium {V}illage Project},
	volume = {143},
	year = {2020}}

@article{gelmanetal2022,
	author = {Gelman, Andrew and Mitchell, Shira and Sachs, Jeffrey and Sachs, Sonia},
	date-added = {2023-08-29 14:32:26 -0400},
	date-modified = {2023-08-29 14:33:24 -0400},
	journal = {Statistics and Public Policy},
	number = {1},
	pages = {1-7},
	title = {Reconciling Evaluations of the {M}illennium {V}illages Project},
	volume = {9},
	year = {2022}}

@article{zubizarretaetal2013,
	author = {Zubizarreta, Jos\'e R and Cerd\'{a}, Magdalena and Rosenbaum, Paul R},
	date-added = {2023-08-29 14:43:42 -0400},
	date-modified = {2023-08-29 14:45:34 -0400},
	journal = {Epidemiology},
	number = {1},
	pages = {79-87},
	title = {Effect of the 2010 {C}hilean Earthquake on Posttraumatic Stress: Reducing Sensitivity to Unmeasured Bias Through Study Design},
	volume = {24},
	year = {2013}}

@article{bonanno2004,
	author = {Bonanno, George A},
	date-added = {2023-08-29 14:42:47 -0400},
	date-modified = {2023-08-29 14:43:39 -0400},
	journal = {The American Psychologist},
	number = {1},
	pages = {20-28},
	title = {Loss, Trauma, and Human Resilience: Have We Underestimated the Human Capacity to Thrive After Extremely Aversive Events?},
	volume = {59},
	year = {2004}}

@article{rutter1985,
	author = {Rutter, Michael},
	date-added = {2023-08-29 14:50:45 -0400},
	date-modified = {2023-08-29 14:52:28 -0400},
	journal = {British Journal of Psychiatry},
	number = {6},
	pages = {598-611},
	title = {Resilience in the Face of Adversity: Protective Factors and Resistance to Psychiatric Disorder},
	volume = {147},
	year = {1985}}

@article{goenjianetal2000,
	author = {Goenjian, Armen K and Steinberg, Alan M and Najarian, Louis M and Fairbanks, Lynn A and Tashjian, Madeline and Pynoos, Robert S},
	date-added = {2023-08-29 14:56:27 -0400},
	date-modified = {2023-08-29 14:57:36 -0400},
	journal = {The American Journal of Psychiatry},
	number = {6},
	pages = {911-985},
	title = {Prospective Study of Posttraumatic Stress, Anxiety, and Depressive Reactions After Earthquake and Political Violence},
	volume = {157},
	year = {2000}}

@article{neriaetal2008,
	author = {Neria, Y and Nandi, A and Galea, S},
	date-added = {2023-08-29 14:54:41 -0400},
	date-modified = {2023-08-29 14:56:01 -0400},
	journal = {Psychological Medicine},
	number = {4},
	pages = {467-480},
	title = {Post-traumatic stress disorder following disasters: A systematic review},
	volume = {38},
	year = {2008}}

@article{gerbergreen2000,
	author = {Gerber, Alan S and Green, Donald P},
	date-added = {2020-01-01 21:46:48 -0400},
	date-modified = {2020-01-01 21:47:37 -0400},
	journal = {The American Political Science Review},
	number = {3},
	pages = {653-663},
	title = {The Effects of Canvassing, Telephone Calls, and Direct Mail on Voter Turnout: A Field Experiment},
	volume = {94},
	year = {2000}}

@article{gerbergreen2005,
	author = {Gerber, Alan S and Green, Donald P},
	date-added = {2020-01-01 21:51:39 -0400},
	date-modified = {2020-01-01 21:52:14 -0400},
	journal = {The American Political Science Review},
	number = {2},
	pages = {301-313},
	title = {Correction to Gerber and Green (2000), Replication of Disputed Findings, and Reply to Imai (2005)},
	volume = {99},
	year = {2005}}

@article{imai2005,
	author = {Imai, Kosuke},
	date-added = {2020-01-01 21:34:18 -0400},
	date-modified = {2020-01-01 21:36:15 -0400},
	journal = {The American Political Science Review},
	number = {2},
	pages = {283-300},
	title = {Do Get-Out-the-Vote Calls Reduce Turnout? The Importance of Statistical Methods for Field Experiments},
	volume = {99},
	year = {2005}}

@article{hansenbowers2009,
	author = {Hansen, Ben B and Bowers, Jake},
	date-added = {2016-06-04 00:59:16 +0000},
	date-modified = {2017-05-04 17:26:34 +0000},
	journal = {Journal of the American Statistical Association},
	number = {487},
	pages = {873-885},
	title = {Attributing Effects to a Cluster-Randomized Get-Out-the-Vote Campaign},
	volume = {104},
	year = {2009}}

@book{nationalresearchcouncil2005,
	address = {Washington, D. C.},
	author = {{National Research Council of the National Academies}},
	date-added = {2020-03-14 14:40:11 -0400},
	date-modified = {2020-03-14 14:42:58 -0400},
	editor = {Wellford, Charles F and Pepper, John V and Petrie, Carol V},
	publisher = {The National Academic Press},
	title = {Firearms and Violence: A Critical Review},
	year = {2005}}

@book{morraletal2018,
	address = {Santa Monica, CA},
	author = {Morral, Andrew R and Ramchand, Rajeev and Smart, Rosanna and Gresenz, Carole Roan and Cherney, Samantha and Nicosia, Nancy and Price, Carter C and Holliday, Stephanie Brooks and Sayers, Elizabeth L Petrun and Schell, Terry L, et al},
	date-added = {2022-07-17 21:24:13 -0400},
	date-modified = {2022-07-17 21:30:23 -0400},
	edition = {1st},
	publisher = {{RAND} Corporation},
	title = {The Science of Gun Policy: A Critical Synthesis of Research Evidence on the Effects of Gun Policies in the {U}nited {S}tates},
	year = {2018}}

@book{smartetal2020,
	address = {Santa Monica, CA},
	author = {Smart, Rosanna and Morral, Andrew R and Smucker, Sierra and Cherney, Samantha and Schell, Terry L and Peterson, Samuel and Ahluwalia, Sangeeta C and Cefalu, Matthew and Xenakis, Lea and Ramchand, Rajeev and Gresenz, Carole Roan},
	date-added = {2022-06-21 10:07:50 -0400},
	date-modified = {2022-06-21 10:27:02 -0400},
	edition = {2nd},
	publisher = {{RAND} Corporation},
	title = {The Science of Gun Policy: A Critical Synthesis of Research Evidence on the Effects of Gun Policies in the {U}nited {S}tates},
	year = {2020}}

@article{donohueetal2019,
	author = {{Donohue III}, John J and Aneja, Abhay and Weber, Kyle D},
	date-added = {2022-06-19 20:50:32 -0400},
	date-modified = {2022-07-16 19:12:29 -0400},
	journal = {Journal of Empirical Legal Studies},
	number = {2},
	pages = {198-247},
	title = {{R}ight-to-{C}arry Laws and Violent Crime: {A} Comprehensive Assessment Using Panel Data and a State-Level Synthetic Control Analysis},
	volume = {16},
	year = {2019}}

@article{websteretal2014,
	author = {Webster, Daniel and Crifasi, Cassandra Kercher and Vernick, Jon S},
	date-added = {2022-07-16 17:07:41 -0400},
	date-modified = {2022-07-16 17:08:58 -0400},
	journal = {Journal of Urban Health: Bulletin of the {N}ew {Y}ork {A}cademy of {M}edicine},
	number = {2},
	pages = {293-302},
	title = {Effects of the Repeal of {M}issouri's Handgun Purchaser Licensing Law on Homicides},
	volume = {91},
	year = {2014}}

@article{hasegawaetal2019,
	author = {Hasegawa, Raiden B and Webster, Daniel W and Small, Dylan S},
	date-added = {2020-07-14 18:53:21 -0400},
	date-modified = {2020-09-02 00:03:23 -0400},
	journal = {Epidemiology},
	number = {3},
	pages = {371-379},
	title = {Evaluating {M}issouri's Handgun Purchaser Law: A Bracketing Method for Addressing Concerns About History Interacting with Group},
	volume = {30},
	year = {2019}}

@article{holland1986,
	author = {Holland, Paul W},
	date-modified = {2016-06-29 15:06:04 +0000},
	journal = {Journal of the American Statistical Association},
	number = {396},
	pages = {945-960},
	title = {Statistics and Causal Inference},
	volume = {81},
	year = {1986}}

@article{bertrandmullainathan2004,
	author = {Bertrand, Marianne and Mullainathan, Sendhil},
	date-added = {2020-07-29 17:40:07 -0400},
	date-modified = {2021-09-24 00:44:55 -0400},
	journal = {American Economic Review},
	number = {4},
	pages = {991-1013},
	title = {Are {E}mily and {G}reg More Employable than {L}akisha and {J}amal? {A} Field Experiment on Labor Market Discrimination},
	volume = {94},
	year = {2004}}

@article{wolfetal2013,
	author = {Wolf, Patrick J and Kisida, Brian and Gutmann, Babette and Puma, Michael and Eissa, Nada and Rizzo, Lou},
	date-added = {2023-08-28 15:40:28 -0400},
	date-modified = {2023-08-28 15:42:37 -0400},
	journal = {Journal of Policy Analysis and Management},
	number = {2},
	pages = {246-270},
	title = {School Vouchers and Student Outcomes: Experimental Evidence from {W}ashington, {DC}},
	volume = {32},
	year = {2013}}


