
@article{thistlethwaitecampbell1960,
	author = {Thistlethwaite, Donald L and Campbell, Donald T},
	date-added = {2019-08-10 12:26:03 -0400},
	date-modified = {2019-08-10 12:27:24 -0400},
	journal = {Journal of Educational Psychology},
	number = {6},
	pages = {309--317},
	title = {Regression-Discontinuity Analysis: An Alternative to the Ex Post Facto Experiment},
	volume = {51},
	year = {1960}}

	@article{hahnetal2001,
	author = {Hahn, Jinyong and Todd, Petra and Van der Klaauw, Wilbert},
	date-added = {2019-08-09 14:30:51 -0400},
	date-modified = {2019-08-09 14:32:09 -0400},
	journal = {Econometrica},
	number = {1},
	pages = {201--209},
	title = {Identification and Estimation of Treatment Effects with a Regression-Discontinuity Design},
	volume = {69},
	year = {2001}}

	@article{cattaneoetal2015,
	author = {Cattaneo, Matias D and Frandsen, Brigham R and Titiunik, Roc\'io},
	date-added = {2016-06-15 21:00:33 +0000},
	date-modified = {2017-04-04 00:39:25 +0000},
	journal = {Journal of Causal Inference},
	number = {1},
	pages = {1--24},
	title = {Randomization Inference in the Regression Discontinuity Design: An Application to Party Advantages in the US Senate},
	volume = {3},
	year = {2015}}

	@article{saleshansen2020,
	author = {Sales, Adam and Hansen, Ben B},
	date-added = {2016-08-03 16:19:03 +0000},
	date-modified = {2020-03-17 19:54:45 -0400},
	journal = {Journal of Educational and Behavioral Statistics},
	number = {2},
	pages = {143--174},
	title = {Limitless Regression Discontinuity},
	volume = {45},
	year = {2020}}

	@article{cattaneotitiunikvazquez-bare2017,
	author = {Cattaneo, Matias D and Titiunik, Roc\'io and Vazquez-Bare, Gonzalo},
	date-added = {2019-08-09 23:46:11 -0400},
	date-modified = {2019-08-09 23:48:01 -0400},
	journal = {Journal of Policy Analysis and Management},
	number = {3},
	pages = {643--681},
	title = {Comparing Inference Approaches for RD Designs: A Reexamination of the Effect of Head Start on Child Mortality},
	volume = {36},
	year = {2017}}

	@article{imbenslemieux2008,
	author = {Imbens, Guido W and Lemieux, Thomas},
	date-added = {2018-08-13 10:38:54 -0400},
	date-modified = {2018-08-13 10:40:05 -0400},
	journal = {Journal of Econometrics},
	number = {2},
	pages = {615--635},
	title = {Regression Discontinuity Designs: A Guide to Practice},
	volume = {142},
	year = {2008}}

	@article{calonicoetal2014,
	author = {Calonico, Sebastian and Cattaneo, Matias D and Titiunik, Roc\'io},
	date-added = {2016-06-15 20:59:56 +0000},
	date-modified = {2017-04-04 00:39:12 +0000},
	journal = {Econometrica},
	number = {6},
	pages = {2295--2326},
	publisher = {Wiley Online Library},
	title = {Robust Nonparametric Confidence Intervals for Regression-Discontinuity Designs},
	volume = {82},
	year = {2014}}

	@article{imbenskalyanaraman2012,
	author = {Imbens, Guido and Kalyanaraman, Karthik},
	date-added = {2022-08-07 15:01:47 -0400},
	date-modified = {2022-08-07 15:02:44 -0400},
	journal = {The Review of Economic Studies},
	number = {3},
	pages = {933-959},
	title = {Optimal Bandwidth Choice for the Regression Discontinuity Estimator},
	volume = {79},
	year = {2012}}

	@article{hansensales2015,
	author = {Hansen, Ben B and Sales, Adam},
	date-added = {2016-07-29 00:09:14 +0000},
	date-modified = {2016-07-29 00:13:27 +0000},
	journal = {Observational Studies},
	pages = {184--193},
	title = {Comment on Cochran's ``Observational Studies''},
	year = {2015}}

@article{berger1988,
	author = {Berger, Roger L and Boos, Dennis D and Guess, Frank M},
	date-added = {2016-07-29 00:06:17 +0000},
	date-modified = {2017-05-04 17:14:09 +0000},
	journal = {Biometrics},
	number = {1},
	pages = {103--115},
	title = {Tests and Confidence Sets for Comparing Two Mean Residual Life Functions},
	volume = {44},
	year = {1988}}

	@article{rosenbaum2008,
	author = {Rosenbaum, Paul R},
	date-added = {2016-06-04 00:56:48 +0000},
	date-modified = {2016-06-04 00:56:48 +0000},
	journal = {Biometrika},
	publisher = {Biometrika Trust},
	title = {Testing hypotheses in order},
	year = {2008}}

	@article{hansenbowers2008,
	author = {Hansen, Ben B and Bowers, Jake},
	date-added = {2016-06-04 00:34:58 +0000},
	date-modified = {2017-05-04 17:26:12 +0000},
	journal = {Statistical Science},
	number = {2},
	pages = {219--236},
	title = {Covariate Balance in Simple, Stratified and Clustered Comparative Studies},
	volume = {23},
	year = {2008}}

	@article{saleshansenrowan2018,
	author = {Sales, Adam C and Hansen, Ben B and Rowan, Brian},
	date-added = {2019-08-10 00:19:05 -0400},
	date-modified = {2019-08-10 00:20:20 -0400},
	journal = {Journal of Educational and Behavioral Statistics},
	number = {1},
	pages = {3--31},
	title = {Rebar: Reinforcing a Matching Estimator With Predictions From High-Dimensional Covariates},
	volume = {43},
	year = {2018}}

	@article{caugheysekhon2011,
	author = {Caughey, Devin and Sekhon, Jasjeet S},
	date-added = {2016-08-03 16:13:11 +0000},
	date-modified = {2016-08-03 16:13:42 +0000},
	journal = {Political Analysis},
	number = {4},
	pages = {385--408},
	title = {Elections and the Regression Discontinuity Design: Lessons from Close US House Races, 1942--2008},
	volume = {19},
	year = {2011}}





