%% This BibTeX bibliography file was created using BibDesk.
%% https://bibdesk.sourceforge.io/

%% Created for Thomas Leavitt at 2022-08-08 14:35:12 -0400 


%% Saved with string encoding Unicode (UTF-8) 

@book{rosenbaum2017,
	address = {Cambridge, MA},
	author = {Rosenbaum, Paul R},
	date-added = {2017-09-16 21:15:24 +0000},
	date-modified = {2021-01-19 13:09:47 -0400},
	publisher = {Harvard University Press},
	title = {Observation and Experiment: An Introduction to Causal Inference},
	year = {2017}}

	@article{rosenbaum1995,
	author = {Rosenbaum, Paul R},
	date-added = {2020-08-06 23:31:47 -0400},
	date-modified = {2020-08-06 23:32:22 -0400},
	journal = {Journal of the American Statistical Association},
	number = {432},
	pages = {1424--1431},
	title = {Quantiles in Nonrandom Samples and Observational Studies},
	volume = {90},
	year = {1995}}

	@article{rosenbaumkrieger1990,
	author = {Rosenbaum, Paul R and Krieger, Abba M},
	date-added = {2019-08-02 13:41:16 -0400},
	date-modified = {2019-08-02 13:42:07 -0400},
	journal = {Journal of the American Statistical Association},
	number = {410},
	pages = {493--498},
	title = {Sensitivity of Two-Sample Permutation Inferences in Observational Studies},
	volume = {85},
	year = {1990}}

	@article{rosenbaum2018,
	author = {Rosenbaum, Paul R},
	date-added = {2019-08-02 13:18:03 -0400},
	date-modified = {2019-08-02 13:18:56 -0400},
	journal = {Annals of Applied Statistics},
	number = {4},
	pages = {2312--2334},
	title = {Sensitivity Analysis for Stratified Comparisons in an Observational Study of the Effect of Smoking on Homocysteine Levels},
	volume = {12},
	year = {2018}}

	@article{gastwirthetal2000,
	author = {Gastwirth, Joseph L and Krieger, Abba M and Rosenbaum, Paul R},
	date-added = {2019-08-02 13:15:17 -0400},
	date-modified = {2019-08-02 13:17:41 -0400},
	journal = {Journal of the Royal Statistical Society: Series B (Statistical Methodology)},
	number = {3},
	pages = {545--555},
	title = {Asymptotic separability in sensitivity analysis},
	volume = {63},
	year = {2000}}

@article{cerdaetal2012,
	author = {Cerd\'{a}, Magdalena and Morenoff, Jeffrey D and Hansen, Ben B and Hicks, Kimberly J Tessari and Duque, Luis F and Restrepo, Alexandra and Diez-Roux, Ana V},
	date-added = {2016-08-04 04:40:01 +0000},
	date-modified = {2020-08-01 16:48:16 -0400},
	journal = {American Journal of Epidemiology},
	number = {10},
	pages = {1045--1053},
	title = {Reducing Violence by Transforming Neighborhoods: A Natural Experiment in {M}edell{\'\i}n, {C}olombia},
	volume = {175},
	year = {2012}}

	@article{rosenbaum2015,
	author = {Rosenbaum, Paul R},
	date-added = {2016-08-10 02:47:12 +0000},
	date-modified = {2019-09-13 13:26:02 -0400},
	journal = {Observational Studies},
	pages = {1--17},
	title = {Two R packages for sensitivity analysis in observational studies},
	volume = {1},
	year = {2015}}



