@article{abadieetal2020,
	author = {Abadie, Alberto and Athey, Susan and Imbens, Guido W and Wooldridge, Jeffrey M},
	date-added = {2020-02-09 19:41:11 -0500},
	date-modified = {2020-02-09 19:42:50 -0500},
	journal = {Econometrica},
	number = {1},
	pages = {265-296},
	title = {Sampling-Based versus Design-Based Uncertainty in Regression Analysis},
	volume = {88},
	year = {2020}}

@article{neyman1923,
	author = {Neyman, Jersey},
	date-added = {2016-10-26 15:11:34 +0000},
	date-modified = {2016-10-26 15:11:55 +0000},
	journal = {Roczniki Nauk Rolniczych},
	pages = {1-51},
	title = {Sur les applications de la th{\'e}orie des probabilit\'es aux experiences agricoles: Essai des principes},
	volume = {10},
	year = {1923}}

@article{rubin1974,
	author = {Rubin, Donald B},
	date-modified = {2017-08-19 02:01:41 +0000},
	journal = {Journal of Educational Psychology},
	number = {5},
	pages = {688},
	title = {Estimating Causal Effects of Treatments in Randomized and Nonrandomized Studies},
	volume = {66},
	year = {1974}}

@book{rosenbaum2017,
	address = {Cambridge, MA},
	author = {Rosenbaum, Paul R},
	date-added = {2017-09-16 21:15:24 +0000},
	date-modified = {2021-01-19 13:09:47 -0400},
	publisher = {Harvard University Press},
	title = {Observation and Experiment: An Introduction to Causal Inference},
	year = {2017}}

@article{manskipepper2018,
	author = {Manski, Charles F and Pepper, John V},
	date-added = {2020-01-17 21:32:17 -0400},
	date-modified = {2020-04-07 11:34:02 -0400},
	journal = {The Review of Economics and Statistics},
	number = {2},
	pages = {232-244},
	title = {How Do Right-to-Carry Laws Affect Crime Rates? {C}oping with Ambiguity Using Bounded-Variation Assumptions},
	volume = {100},
	year = {2018}}

@book{vovketal2005,
	address = {New York, NY},
	author = {Vovk, Vladimir and Gammerman, Alexander and Shafer, Glenn},
	date-added = {2020-01-16 15:46:52 -0400},
	date-modified = {2020-01-16 15:48:10 -0400},
	publisher = {Springer},
	title = {Algorithmic Learning in a Random World},
	year = {2005}}

@article{shafervovk2008,
	author = {Shafer, Glenn and Vovk, Vladimir},
	date-added = {2020-01-16 15:40:26 -0400},
	date-modified = {2020-01-16 15:41:44 -0400},
	journal = {Journal of Machine Learning Research},
	pages = {371-421},
	title = {A Tutorial on Conformal Prediction},
	volume = {9},
	year = {2008}}

@article{chernozhukovetal2021,
	author = {Chernozhukov, Victor and W\"uthrich, Kaspar and Zhu, Yinchu},
	date-added = {2020-01-16 14:56:09 -0400},
	date-modified = {2021-12-17 20:45:34 -0400},
	journal = {Journal of the American Statistical Association},
	number = {536},
	pages = {1849-1864},
	title = {An Exact and Robust Conformal Inference Method for Counterfactual and Synthetic Controls},
	volume = {116},
	year = {2021}}



