@string{jasa = {J. Am. Statist. Assoc.}}
@string{tas = {Amer. Statistician} }
@string{jes = {J. Educ. Statist.} }
@string{jebs = {J. Educ. Behav. Statist.} }
@string{socmeth = {Soc. Methodol.} }
@string{socmethres = {Soc. Meth. \& Res.} }
@string{jrssb = {J. R. Statist. Soc. B}}
@string{aoas = {Ann. Appl. Statist.}}
@string{annstat = {Ann. Statist.}}
@string{annmathstat = {Ann. Math. Statist.}}
@string{statsci = {Statist. Sci.}}
@string{jrss = {J. Royal Statist. Soc.}}
@string{jcgs = {J. Comp. Graph. Statist.}}
@string{applstat = {Appl. Statist.}}
@string{aje = {Am. J. Epidemiol.}}
@string{statmed = {Statist. Med.}}
@string{jce ={J. Clin. Epidem.}}

@string{jhr = {J. Hum. Resour.}}
@string{reveconstat = {Rev. Econ. Statist.}}
@string{jama = {J. Amer. Med. Assoc.}}
@string{jos = {{J. Offic. Statist.}}}
