%% This BibTeX bibliography file was created using BibDesk.
%% https://bibdesk.sourceforge.io/

%% Created for Jake Bowers at 2019-07-30 10:44:09 -0400 


%% Saved with string encoding Unicode (UTF-8) 


@string{aoas = {Annals of Applied Statistics}}

@string{jasa = {Journal of the American Statistical Association}}

@string{statsci = {Statistical Science}}

@string{tas = {American Statistician}}


@article{ichino2012deterring,
	Author = {Ichino, N. and Sch{\"u}ndeln, M.},
	Journal = {Journal of Politics},
	Month = {January},
	Number = {1},
	Pages = {292--307},
	Title = {Deterring or Displacing Electoral Irregularities? Spillover Effects of Observers in a Randomized Field Experiment in Ghana},
	Volume = {74},
	Year = {2012}}

@article{nickerson2008voting,
	Author = {Nickerson, D.W.},
	Journal = {American Political Science Review},
	Number = {1},
	Pages = {49--57},
	Title = {Is voting contagious? Evidence from two field experiments},
	Volume = {102},
	Year = {2008}}

@article{gerber2010baseline,
	Author = {Gerber, Alan S and Green, Donald P and Kaplan, Edward H and Kern, Holger L},
	Journal = {Political Analysis},
	Number = {3},
	Pages = {297--315},
	Title = {Baseline, placebo, and treatment: Efficient estimation for three-group experiments},
	Volume = {18},
	Year = {2010}}

@article{causek11,
	Author = {Caughey, Devin and Jasjeet S. Sekhon},
	Date-Added = {2012-06-25 21:34:32 +0000},
	Date-Modified = {2012-06-25 21:38:00 +0000},
	Journal = {Political Analysis},
	Number = {4},
	Pages = {385--408},
	Title = {Elections and the Regression Discontinuity Design: Lessons from Close U.S. House Races, 1942--2008},
	Volume = {19},
	Year = {2011},
	Bdsk-File-1 = {YnBsaXN0MDDSAQIDBFxyZWxhdGl2ZVBhdGhZYWxpYXNEYXRhXxAZLi4vLi4vcGFwZXJzL2NhdXNlazExLnBkZk8RAawAAAAAAawAAgAADE1hY2ludG9zaCBIRAAAAAAAAAAAAAAAAAAAAMqT3AxIKwAAADR13AxjYXVzZWsxMS5wZGYAAAAAAAAAAAAAAAAAAAAAAAAAAAAAAAAAAAAAAAAAAAAAAAAAAAAAAAAAAAAAAAAAAAAcabwjzA4ntgAAAAAAAAAAAAIAAgAACSAAAAAAAAAAAAAAAAAAAAAGcGFwZXJzABAACAAAypQ+fAAAABEACAAAzA6KJgAAAAEAGAA0ddwAND1zADQyvwAtbekALW3cAACUpQACAEtNYWNpbnRvc2ggSEQ6VXNlcnM6AHJ0bToARG9jdW1lbnRzOgBEcm9wYm94OgByZXNlYXJjaDoAcGFwZXJzOgBjYXVzZWsxMS5wZGYAAA4AGgAMAGMAYQB1AHMAZQBrADEAMQAuAHAAZABmAA8AGgAMAE0AYQBjAGkAbgB0AG8AcwBoACAASABEABIAOFVzZXJzL3J0bS9Eb2N1bWVudHMvRHJvcGJveC9yZXNlYXJjaC9wYXBlcnMvY2F1c2VrMTEucGRmABMAAS8AABUAAgAK//8AAAAIAA0AGgAkAEAAAAAAAAACAQAAAAAAAAAFAAAAAAAAAAAAAAAAAAAB8A==}}

@article{lee08,
	Author = {Lee, David S.},
	Date-Added = {2012-06-25 21:33:16 +0000},
	Date-Modified = {2012-06-25 21:34:11 +0000},
	Journal = {Journal of Econometrics},
	Pages = {675--697},
	Title = {Randomized Experiments from Non-random Selection in U.S. House Elections},
	Volume = {142},
	Year = {2008},
	Bdsk-File-1 = {YnBsaXN0MDDSAQIDBFxyZWxhdGl2ZVBhdGhZYWxpYXNEYXRhXxAWLi4vLi4vcGFwZXJzL2xlZTA4LnBkZk8RAaAAAAAAAaAAAgAADE1hY2ludG9zaCBIRAAAAAAAAAAAAAAAAAAAAMqT3AxIKwAAADR13AlsZWUwOC5wZGYAAAAAAAAAAAAAAAAAAAAAAAAAAAAAAAAAAAAAAAAAAAAAAAAAAAAAAAAAAAAAAAAAAAAAAAAcabc9zA4nIwAAAAAAAAAAAAIAAgAACSAAAAAAAAAAAAAAAAAAAAAGcGFwZXJzABAACAAAypQ+fAAAABEACAAAzA6JkwAAAAEAGAA0ddwAND1zADQyvwAtbekALW3cAACUpQACAEhNYWNpbnRvc2ggSEQ6VXNlcnM6AHJ0bToARG9jdW1lbnRzOgBEcm9wYm94OgByZXNlYXJjaDoAcGFwZXJzOgBsZWUwOC5wZGYADgAUAAkAbABlAGUAMAA4AC4AcABkAGYADwAaAAwATQBhAGMAaQBuAHQAbwBzAGgAIABIAEQAEgA1VXNlcnMvcnRtL0RvY3VtZW50cy9Ecm9wYm94L3Jlc2VhcmNoL3BhcGVycy9sZWUwOC5wZGYAABMAAS8AABUAAgAK//8AAAAIAA0AGgAkAD0AAAAAAAACAQAAAAAAAAAFAAAAAAAAAAAAAAAAAAAB4Q==}}

@article{lityau98,
	Author = {Little, Roderick JA and L. Yau},
	Date-Added = {2012-06-25 21:20:20 +0000},
	Date-Modified = {2012-06-25 21:21:54 +0000},
	Journal = {Psychological Methods},
	Number = {2},
	Pages = {147--159},
	Title = {Statistical Techniques for Analyzing Data from Prevention Trials: Treatment of No-Shows Using Rubin's Causal Model},
	Volume = {3},
	Year = {1998}}

@book{rosenbaum10book,
	Address = {New York},
	Author = {Rosenbaum, Paul R.},
	Date-Added = {2012-02-06 16:28:26 -0800},
	Date-Modified = {2012-02-06 16:29:18 -0800},
	Publisher = {Springer},
	Title = {Design of Observational Studies},
	Year = {2010},
	Bdsk-File-1 = {YnBsaXN0MDDSAQIDBFxyZWxhdGl2ZVBhdGhZYWxpYXNEYXRhXxAhLi4vLi4vcGFwZXJzL3Jvc2VuYmF1bTEwY2hhcDgucGRmTxEBzAAAAAABzAACAAAMTWFjaW50b3NoIEhEAAAAAAAAAAAAAAAAAAAAypPcDEgrAAAANHXcFHJvc2VuYmF1bTEwY2hhcDgucGRmAAAAAAAAAAAAAAAAAAAAAAAAAAAAAAAAAAAAAAAAAAAAAAAAAAAAAAAAAAfLetPK2tCjAAAAAAAAAAAAAgACAAAJIAAAAAAAAAAAAAAAAAAAAAZwYXBlcnMAEAAIAADKlD58AAAAEQAIAADK2zMTAAAAAQAYADR13AA0PXMANDK/AC1t6QAtbdwAAJSlAAIAU01hY2ludG9zaCBIRDpVc2VyczoAcnRtOgBEb2N1bWVudHM6AERyb3Bib3g6AHJlc2VhcmNoOgBwYXBlcnM6AHJvc2VuYmF1bTEwY2hhcDgucGRmAAAOACoAFAByAG8AcwBlAG4AYgBhAHUAbQAxADAAYwBoAGEAcAA4AC4AcABkAGYADwAaAAwATQBhAGMAaQBuAHQAbwBzAGgAIABIAEQAEgBAVXNlcnMvcnRtL0RvY3VtZW50cy9Ecm9wYm94L3Jlc2VhcmNoL3BhcGVycy9yb3NlbmJhdW0xMGNoYXA4LnBkZgATAAEvAAAVAAIACv//AAAACAANABoAJABIAAAAAAAAAgEAAAAAAAAABQAAAAAAAAAAAAAAAAAAAhg=}}

@article{air:96,
	Annote = {AIR embed the instrumental variables framework in the
		  Rubin Causal Model. Under several assumptions, IV estimates
		  are causal estimates for the principal component,
		  compliers. The assumptions can be easily loosened under a
		  Bayesian framework in the RCM. Without these assumptions,
		  the IV estimates are merely the ratio $\frac{ITT_y}{ITT_D}$
		  (not a causal effect). The assumptions: SUTVA, random
		  treatment assignment (Z), exclusion (any effect of Z on Y
		  must be ``via an effect of D on Y'' -- or, there is no
		  causal effect of treatment Z on outcome Y for always- and
		  never-takers), assignment Z has nonzero average effect on
		  D, monotonicity (assignment increases probability of
		  treatment). There is a substantial bias in IV effect
		  estimates if the size of the principal component, defiers,
		  is large. Shift from [E(e,Z)=0] to [exclusion and
		  ignorability].},
	Author = {Angrist, Joshua D. and Guido W. Imbens and Donald B. Rubin},
	Journal = {Journal of the American Statistical Association},
	Pages = {444--455},
	Title = {Identification of Causal Effects Using Instrumental Variables},
	Volume = {91 (434)},
	Year = {1996}}

@article{ho:etal:07,
	Author = {Ho, Daniel and Kosuke Imai and Gary King and Elizabeth Stuart},
	Journal = {Political Analysis},
	Optannote = {"MatchIt" paper.},
	Pages = {199--236},
	Title = {Matching as Nonparametric Preprocessing for Reducing Model Dependence in Parametric Causal Inference},
	Volume = {15},
	Year = {2007},
	Bdsk-File-1 = {YnBsaXN0MDDSAQIDBFxyZWxhdGl2ZVBhdGhZYWxpYXNEYXRhXxAbLi4vLi4vcGFwZXJzL2hvaW1ha2luMDcucGRmTxEBtAAAAAABtAACAAAMTWFjaW50b3NoIEhEAAAAAAAAAAAAAAAAAAAAypPcDEgrAAAANHXcDmhvaW1ha2luMDcucGRmAAAAAAAAAAAAAAAAAAAAAAAAAAAAAAAAAAAAAAAAAAAAAAAAAAAAAAAAAAAAAAAAAAA04r3HdKmrUERGIAAAAAAAAgACAAAJIAAAAAAAAAAAAAAAAAAAAAZwYXBlcnMAEAAIAADKlD58AAAAEQAIAADHdRorAAAAAQAYADR13AA0PXMANDK/AC1t6QAtbdwAAJSlAAIATU1hY2ludG9zaCBIRDpVc2VyczoAcnRtOgBEb2N1bWVudHM6AERyb3Bib3g6AHJlc2VhcmNoOgBwYXBlcnM6AGhvaW1ha2luMDcucGRmAAAOAB4ADgBoAG8AaQBtAGEAawBpAG4AMAA3AC4AcABkAGYADwAaAAwATQBhAGMAaQBuAHQAbwBzAGgAIABIAEQAEgA6VXNlcnMvcnRtL0RvY3VtZW50cy9Ecm9wYm94L3Jlc2VhcmNoL3BhcGVycy9ob2ltYWtpbjA3LnBkZgATAAEvAAAVAAIACv//AAAACAANABoAJABCAAAAAAAAAgEAAAAAAAAABQAAAAAAAAAAAAAAAAAAAfo=}}

@book{fox2019r,
	Author = {Fox, John and Weisberg, Sanford},
	Optedition = {Third},
	Publisher = {Sage},
	Title = {{An R Companion to Applied Regression}},
	Year = {2019}}

@book{fox2011r,
	Author = {Fox, John and Weisberg, Sanford},
	Date-Added = {2010-12-23 09:30:32 -0600},
	Date-Modified = {2010-12-23 09:31:08 -0600},
	Publisher = {Sage},
	Title = {{An R Companion to Applied Regression}},
	Year = {2011}}

@article{hansenSales2015cochran,
	Author = {Hansen, Ben B. and Sales, Adam C.},
	Journal = {Observational Studies},
	Number = {1},
	Title = {Comments on ``Observational Studies,'' by William G. Cochran},
	Volume = {1},
	Year = {2015}}

@article{keele15cireview,
	Author = {Keele, Luke},
	Doi = {10.1093/pan/mpv007},
	Journal = {Political Analysis},
	Title = {The statistics of causal inference: {A} view from political methodology},
	Year = {2015},
	Bdsk-Url-1 = {http://dx.doi.org/10.1093/pan/mpv007}}

@techreport{saleshansen2015riforrd,
	Author = {Sales, Adam C. and Hansen, Ben B.},
	Institution = {ar{X}iv},
	Number = {1403.5478},
	Title = {Limitless regression discontinuity},
	Year = {2019}}

@article{cattaneo2014randomization,
	Author = {Cattaneo, Matias D and Frandsen, Brigham R and Titiunik, Rocio},
	Journal = {Journal of Causal Inference},
	Number = 1,
	Pages = {1--24},
	Title = {Randomization inference in the regression discontinuity design: An application to party advantages in the US Senate},
	Volume = 3,
	Year = {2014}}

@book{imbensrubin15,
	Author = {Imbens, Guido W. and Rubin, Donald B.},
	Publisher = {Cambridge University Press},
	Title = {Causal Inference in Statistics, Social, and Biomedical Sciences},
	Year = {2015}}

@book{kinder1993experimental,
	Author = {Kinder, Donald R and Palfrey, Thomas R},
	Publisher = {University of Michigan Press},
	Title = {Experimental foundations of political science},
	Year = {1993}}

@book{berk2004regression,
	Author = {Berk, Richard A},
	Publisher = {Sage},
	Title = {Regression analysis: A constructive critique},
	Volume = {11},
	Year = {2004}}

@book{murnane2010methods,
	Author = {Murnane, Richard J and Willett, John B},
	Publisher = {Oxford University Press},
	Title = {Methods matter: Improving causal inference in educational and social science research},
	Year = {2010}}

@book{gerber2012field,
	Author = {Gerber, Alan S and Green, Donald P},
	Publisher = {WW Norton},
	Title = {Field experiments: Design, analysis, and interpretation},
	Year = {2012}}

@book{dunning2012natural,
	Author = {Dunning, Thad},
	Publisher = {Cambridge University Press},
	Title = {Natural experiments in the social sciences: a design-based approach},
	Year = {2012}}

@article{bifulco2012can,
	Author = {Bifulco, Robert},
	Journal = {Journal of Policy Analysis and Management},
	Number = {3},
	Pages = {729--751},
	Publisher = {Wiley Online Library},
	Title = {Can Nonexperimental Estimates Replicate Estimates Based on Random Assignment in Evaluations of School Choice? A Within-Study Comparison},
	Volume = {31},
	Year = {2012}}

@article{mccrary2008manipulation,
	Author = {McCrary, Justin},
	Journal = {Journal of Econometrics},
	Number = {2},
	Pages = {698--714},
	Publisher = {Elsevier},
	Title = {Manipulation of the running variable in the regression discontinuity design: A density test},
	Volume = {142},
	Year = {2008}}

@article{hudgens2008toward,
	Author = {Hudgens, Michael G. and Halloran, M. Elizabeth},
	Journal = jasa,
	Number = {482},
	Title = {Toward causal inference with interference},
	Volume = {103},
	Year = {2008}}

@article{bowersfp2013,
	Author = {Bowers, Jake and Fredrickson, Mark M. and Panagopoulos, Costas},
	Doi = {10.1093/pan/mps038},
	Journal = {Political Analysis},
	Pages = {97--124},
	Title = {Reasoning about Interference Between Units: {A} General Framework},
	Volume = {21},
	Year = {2013},
	Bdsk-Url-1 = {http://dx.doi.org/10.1093/pan/mps038}}

@article{lin2013agnostic,
	Author = {Lin, Winston},
	Journal = aoas,
	Number = {1},
	Pages = {295--318},
	Publisher = {Institute of Mathematical Statistics},
	Title = {Agnostic notes on regression adjustments to experimental data: reexamining {F}reedman's critique},
	Volume = {7},
	Year = {2013}}

@article{baiocchi2010building,
	Author = {Baiocchi, Mike and Small, Dylan S and Lorch, Scott and Rosenbaum, Paul R},
	Journal = {Journal of the American Statistical Association},
	Number = {492},
	Pages = {1285--1296},
	Publisher = {Taylor \& Francis},
	Title = {Building a stronger instrument in an observational study of perinatal care for premature infants},
	Volume = {105},
	Year = {2010}}

@article{rubinwaterman06,
	Author = {Rubin, Donald B. and Waterman, Richard P.},
	Journal = statsci,
	Number = {2},
	Pages = {206--22},
	Title = {Estimating the Causal Effects of Marketing Interventions Using Propensity Score Methodology},
	Volume = {21},
	Year = {2006}}

@book{angrist2009mostly,
	Author = {Angrist, Joshua D. and Pischke, J{\"o}rn-Steffen},
	Publisher = {Princeton University Press},
	Title = {{Mostly harmless econometrics: an empiricist's companion}},
	Year = {2009}}

@article{arceneaux2010cautionary,
	Author = {Arceneaux, Kevin and Gerber, Alan S and Green, Donald P},
	Journal = {Sociological methods \& research},
	Number = {2},
	Pages = {256--282},
	Publisher = {Sage Publications},
	Title = {A cautionary note on the use of matching to estimate causal effects: an empirical example comparing matching estimates to an experimental benchmark},
	Volume = {39},
	Year = {2010}}

@book{fisher:1935,
	Address = {Edinburgh},
	Author = {Fisher, R. A.},
	Publisher = {Oliver and Boyd},
	Title = {Design of Experiments},
	Year = {1935}}

@article{freedman2008,
	Author = {Freedman, David A.},
	Journal = statsci,
	Number = {2},
	Pages = {237--249},
	Title = {Randomization does not justify logistic regression},
	Volume = {23},
	Year = {2008}}

@incollection{hansen2009b,
	Author = {Hansen, Ben B.},
	Booktitle = {Looking Back: Proceedings of a Conference in Honor of Paul W. Holland},
	Chapter = 9,
	Editor = {Dorans, Neil and Sinharay, Sandip},
	Pages = {149--181},
	Publisher = {Springer},
	Title = {Propensity score matching to extract latent experiments from nonexperimental data: A case study},
	Year = {2011}}

@article{bowers:hans:2008,
	Author = {Hansen, Ben B. and Bowers, Jake},
	Journal = jasa,
	Note = {DOI: 10.1198/jasa.2009.ap06589.},
	Number = {487},
	Pages = {873--85},
	Title = {Attributing Effects to A Cluster Randomized Get-Out-The-Vote Campaign},
	Volume = {104},
	Year = {2009}}

@article{hansen:bowers:2008,
	Author = {Hansen, Ben B. and Bowers, Jake},
	Journal = statsci,
	Number = {2},
	Pages = {219--236},
	Title = {Covariate balance in simple, stratified and clustered comparative studies},
	Volume = {23},
	Year = {2008}}

@article{holland:1986a,
	Author = {Holland, P. W.},
	Journal = jasa,
	Pages = {945--970},
	Title = {Statistics and Causal Inference (with discussion)},
	Volume = {81},
	Year = {1986}}

@article{hosmanetal2010,
	Arxiv = {0905.3463},
	Author = {Hosman, Carrie A. and Hansen, Ben B. and Holland, Paul W.},
	Doi = {10.1214/09-AOAS315},
	Fjournal = {Annals of Applied Statistics},
	Issn = {1932-6157},
	Journal = aoas,
	Number = {2},
	Pages = {849-870},
	Title = {The sensitivity of linear regression coefficients' confidence limits to the omission of a confounder},
	Volume = {4},
	Year = {2010},
	Bdsk-Url-1 = {http://dx.doi.org/10.1214/09-AOAS315}}

@incollection{imbens:rubin:2008palgrave,
	Author = {Imbens, Guido and Rubin, Donald},
	Booktitle = {The New Palgrave Dictionary of Economics},
	Doi = {10.1057/9780230226203.1466},
	Editor = {Durlauf, Steven N. and Blume, Lawrence E.},
	Publisher = {Macmillan Publishers Ltd},
	Title = {Rubin Causal Model},
	Url = {http://www.dictionaryofeconomics.com/article?id=pde2008_R000247},
	Year = {2008},
	Bdsk-Url-1 = {http://www.dictionaryofeconomics.com/article?id=pde2008_R000247},
	Bdsk-Url-2 = {http://dx.doi.org/10.1057/9780230226203.1466}}

@article{imbens:rose:2005,
	Author = {Imbens, Guido W. and Rosenbaum, Paul R.},
	Journal = {Journal of the Royal Statistical Society, Series A: Statistics in Society},
	Keywords = {Hodges-Lehmann estimate; Instrumental variable; Observational study; Permutation test; Randomization test},
	Number = {1},
	Pages = {109--126},
	Title = {Robust, Accurate Confidence Intervals with a Weak Instrument: {Q}uarter of Birth and Education},
	Volume = {168},
	Year = {2005}}

@book{morgan2007counterfactuals,
	Author = {Morgan, Stephen L. and Winship, Christopher},
	Publisher = {Cambridge University Press},
	Title = {{Counterfactuals and causal inference: Methods and principles for social research}},
	Year = {2007}}

@article{neyman:1990,
	Author = {Neyman, Jerzy},
	Journal = statsci,
	Note = {transl. by D.M. Dabrowska and T.P. Speed from 1923 Polish original.},
	Pages = {463--480},
	Title = {On the application of probability theory to agricultural experiments. Essay on principles. Section 9},
	Volume = {5},
	Year = {1990}}

@inproceedings{rosenbaum:2001b,
	Author = {Rosenbaum, Paul R},
	Booktitle = {International Encyclopedia of the Social \& Behavioral Sciences},
	Editor = {Smelser, Neil J. and Baltes, Paul B.},
	Pages = {10808--10815},
	Publisher = {Elsevier/North-Holland [Elsevier Science Publishing Co., New York; North-Holland Publishing Co., Amsterdam]},
	Title = {Observational Studies: Overview},
	Year = {2001}}

@book{rosenbaum2010design,
	Author = {Rosenbaum, Paul R.},
	Publisher = {Springer Verlag},
	Title = {{Design of Observational Studies}},
	Year = {2010}}

@article{rosenbaum2007ibu,
	Author = {Rosenbaum, Paul R.},
	Journal = jasa,
	Month = {March},
	Number = {477},
	Pages = {191--200},
	Title = {Interference Between Units in Randomized Experiments},
	Volume = {102},
	Year = {2007}}

@article{rosenbaum:2002a,
	Author = {Rosenbaum, Paul R.},
	Journal = statsci,
	Keywords = {Covariance adjustment; Matching; observational studies; PERMUTATION INFERENCE; Propensity score; Randomization inference; Sensitivity analysis},
	Local-Url = {~/Library/aclit/rosenbaum2002a.pdf},
	Number = {3},
	Pages = {286--327},
	Title = {Covariance adjustment in randomized experiments and observational studies},
	Volume = {17},
	Year = {2002}}

@article{rosenbaum:1996:onair,
	Author = {Rosenbaum, Paul R},
	Journal = jasa,
	Month = {June},
	Number = {434},
	Pages = {465--468},
	Title = {Identification of causal effects using instrumental variables: Comment},
	Volume = {91},
	Year = {1996}}

@article{rosenbaum:rubi:1985a,
	Author = {Rosenbaum, P. R. and Rubin, D. B.},
	Journal = tas,
	Keywords = {Observational study},
	Pages = {33--38},
	Title = {Constructing a Control Group Using Multivariate Matched Sampling Methods That Incorporate the Propensity Score},
	Volume = {39},
	Year = {1985}}

@article{rubin:1979,
	Author = {Rubin, D. B.},
	Journal = jasa,
	Keywords = {Covariance adjustment; Nonrandomized; Quasi-experiment},
	Pages = {318--328},
	Title = {Using Multivariate Matched Sampling and Regression Adjustment to Control Bias in Observational Studies},
	Volume = {74},
	Year = {1979}}

@article{sobel:what:2006,
	Author = {Sobel, Michael E.},
	Journal = jasa,
	Keywords = {Causal inference; Interference; neighborhood effects; stable unit treatment value assumption},
	Number = {476},
	Pages = {1398--1407},
	Title = {What Do Randomized Studies of Housing Mobility Demonstrate?: {C}ausal Inference in the Face of Interference},
	Volume = {101},
	Year = {2006}}

@article{cerdaetal2011,
	Author = {Cerda, M. and Morenoff, J.D. and Hansen, B.B. and Tessari Hicks, K.J. and Duque, L.F. and Restrepo, A. and Diez Roux, A.V.},
	Doi = {10.1093/aje/kwr428},
	Journal = {American Journal of Epidemiology},
	Number = {10},
	Pages = {1045--53},
	Title = {Reducing violence by transforming neighborhoods: A natural experiment in Medell{\'\i}n.},
	Url = {http://aje.oxfordjournals.org/cgi/content/full/kwr428?ijkey=YrGfw2zq6vOY26U&keytype=ref},
	Volume = {175},
	Year = {2012},
	Bdsk-Url-1 = {http://aje.oxfordjournals.org/cgi/content/full/kwr428?ijkey=YrGfw2zq6vOY26U&keytype=ref},
	Bdsk-Url-2 = {http://dx.doi.org/10.1093/aje/kwr428}}

@book{gelman2006dau,
	Author = {Gelman, Andrew and Hill, Jennifer},
	Publisher = {Cambridge University Press},
	Title = {{Data Analysis Using Regression and Multilevel/Hierarchical Models}},
	Year = {2006}}

@book{freedman:purv:pisa:1998,
	Author = {Freedman, David A. and Pisani, Robert and Purves, Roger},
	City = {New York},
	Optedition = {Third},
	Publisher = {W.W. Norton and Co.},
	Title = {Statistics},
	Year = {1998}}

@article{kangPeckKeele2018,
	Author = {Kang, Hyunseung and Peck, Laura and Keele, Luke},
	Journal = {Journal of the Royal Statistical Society: Series A (Statistics in Society)},
	Number = {4},
	Pages = {1231--1254},
	Publisher = {Wiley Online Library},
	Title = {Inference for instrumental variables: a randomization inference approach},
	Volume = {181},
	Year = {2018}}
