%% This BibTeX bibliography file was created using BibDesk.
%% http://www.cs.ucsd.edu/~mmccrack/bibdesk.html


%% Created for bbh at 2004-11-06 13:18:02 -0500 


@TechReport{powell2009bobyqa,
  author = 	 {Powell, M.J.D.},
  title = 	 {The BOBYQA algorithm for bound
     constrained optimization without derivatives},
  institution =  {University of Cambridge},
  year = 	 {2009},
  url = {http://www.damtp.cam.ac.uk/user/na/NA_papers/NA2009_06.pdf},
  number = 	 {DAMTP 2009/NA06},
  address = 	 {Centre for Mathematical Sciences}
}

@Manual{batesetal2012lme4-eigen,
    title = {lme4: Linear mixed-effects models using Eigen and S4},
    author = {Douglas Bates and Martin Maechler and Ben Bolker},
    year = {2012},
    note = {R package version 0.99999911-0/r1788},
    url = {http://R-Forge.R-project.org/projects/lme4/}
  }
@Proceedings{bates2011mlconfpart1,
  title = 	 {Mixed models in R using the lme4 package, Part 1: Linear mixed models with simple, scalar random effects},
  author = {Douglas Bates},
  year = 	 {2011},
  key = {bates2011},
  booktitle = {8th International Amsterdam Conference on Multilevel Analysis},
  month = 	 {March},
  note = 	 {Conference presentation},
  url = {http://lme4.r-forge.r-project.org/slides/2011-03-16-Amsterdam/1Simple.pdf}
}

@inproceedings{Koudasetal2006,
 author = {Koudas, Nick and Sarawagi, Sunita and Srivastava, Divesh},
 title = {Record linkage: similarity measures and algorithms},
 booktitle = {Proceedings of the 2006 ACM SIGMOD international conference on Management of data},
 series = {SIGMOD '06},
 year = {2006},
 isbn = {1-59593-434-0},
 location = {Chicago, IL, USA},
 pages = {802--803},
 numpages = {2},
 url = {http://doi.acm.org/10.1145/1142473.1142599},
 doi = {10.1145/1142473.1142599},
 acmid = {1142599},
 publisher = {ACM},
 address = {New York, NY, USA},
 keywords = {approximate join, data quality},
} 


 @Manual{therneauLumley09,
    title = {survival: Survival analysis, including penalised likelihood},
    author = {Therneau, Terry  and Lumley, Thomas},
    year = {2009},
    note = {R package version 2.35-8},
    url = {http://CRAN.R-project.org/package=survival},
  }

  @Manual{kosmidis10,
    title = {brglm: Bias reduction in binary-response GLMs},
    author = {Ioannis Kosmidis},
    year = {2010},
    note = {R package version 0.5-5},
    url = {http://go.warwick.ac.uk/kosmidis/software},
  }

@Book{kaplan2006,
  author = 	 {Kaplan, Daniel T.},
  title = 	 {An R Companion for Introduction to Statistical Modeling},
  publisher = 	 {lulu.com},
  year = 	 {2006}
}

@article{kaplan2007computing,
  title={{Computing and Introductory Statistics}},
  author={Kaplan, Daniel T.},
  journal={Technology Innovations in Statistics Education},
  pages={1},
  year={2007},
  volume = 1,
  number = 1,
  note = {Article~5},
  publisher={bepress}
}

@article{wilson2006srb,
  title={{Where's the real bottleneck in scientific computing?}},
  author={Wilson, Gregory V.},
  journal={American Scientist},
  volume={94},
  number={1},
  pages={5},
  year={2006},
  url = {http://www.cs.toronto.edu/~gvwilson/articles/amsci-swc-2005.pdf},
}


@Book{theusUrbanek2009,
  author = 	 {Theus, Martin and Urbanek, Simon},
  title = 	 {Interactive Graphics for Data Analysis: Principles and Examples},
  publisher = 	 {Chapman \& Hall/CRC},
  year = 	 {2009},
  address = 	 {Boca Raton, FL}
}

@book{chambers1983gmd,
  title={{Graphical Methods for Data Analysis}},
  author={Chambers, J.M. and Cleveland, WS and Kleiner, B. and Tukey, PA},
  year={1983},
  publisher={Belmont}
}

@inproceedings{leisch2002sdg,
  title={{Sweave: Dynamic generation of statistical reports using literate data analysis}},
  author={Leisch, Friedrich},
  booktitle={Compstat 2002},
  pages={575--580},
  year={2002}, 
  organization = {Humboldt-Universit\"at zu Berlin}
}

@Article{hothornetal:coin:2006,
    title = {A Lego System for Conditional Inference},
    author = {Torsten Hothorn and Kurt Hornik and Mark A. van de Wiel and Achim Zeileis},
    journal = tas,
    year = {2006},
    volume = {60},
    number = {3},
    pages = {257--263},
  }

@Article{gentlemanTemplelang2007,
  author = 	 {Gentleman, Robert and Temple Lang, Duncan},
  title = 	 {Statistical Analyses and Reproducible Research},
  journal = 	 jcgs,
  year = 	 {2007},
  volume = 	 {16},
  number = 	 {1},
  pages = 	 {1--23}
}

@article{sturtz2005rpr,
  title={{R2WinBUGS: A Package for Running WinBUGS from R}},
  author={Sturtz, S. and Ligges, U. and Gelman, A.},
  journal={Journal of Statistical Software},
  volume={12},
  number={3},
  pages={1--16},
  year={2005}
}

@article{martin2006abi,
  title={{Applied Bayesian Inference in R using MCMCpack}},
  author={Martin, Andrew D. and Quinn, Kevin M.},
  journal={R News},
  volume={6},
  pages={2--7},
  year={2006}
}

@Manual{lawrenceTempleLang2007,
  title = {RGtk2: R bindings for Gtk 2.8.0 and above},
  author = {Lawrence, Michael and Temple Lang, Duncan},
  year = {2007},
  url = {http://www.ggobi.org/rgtk2}
}

  @Manual{firth:2006,
    title = {brlr: Bias-reduced logistic regression},
    author = {David Firth},
    year = {2006},
    note = {R package version 0.8-8},
    url = {http://www.warwick.ac.uk/go/dfirth},
  }


  @Article{hansen:2007a,
  author = 	 {Hansen, Ben B.},
  title = 	 {\textsc{optmatch}: Flexible, Optimal Matching for Observational Studies},
  journal = 	 {R News},
  year = 	 {2007},
  volume =       {7},
  number =       {2},
  month =        {October},
  pages =        {18--24}
}

@Manual{survivalPackage,
    title = {\pkg{survival}: Survival analysis, including penalised likelihood},
    author = {Lumley, Thomas and Therneau, Terry},
    year = {2006},
    note = {R package version 2.26},
  }

  @article{brazzale:2005,
    title = {{hoa}: {An} {R} package bundle for higher order likelihood inference},
    author = {Alessandra R. Brazzale},
    journal = {Rnews},
    volume = {5/1 {May} 2005},
    year = {2005},
    pages = {20--27},
    note = {{ISSN} 609-3631},
    url = {ftp://cran.r-project.org/doc/Rnews/Rnews_2005-1.pdf},
  }

@article{brazzale1999aci,
  title={{Approximate Conditional Inference in Logistic and Loglinear Models}},
  author={Brazzale, A.R.},
  journal=jcgs,
  volume={8},
  number={3},
  pages={653--661},
  year={1999}
}

@article{hothorn2006lsc,
  title={{A Lego System for Conditional Inference}},
  author={Hothorn, T. and Hornik, K. and van de Wiel, M.A. and Zeileis, A.},
  journal=tas,
  volume={60},
  number={3},
  pages={257--263},
  year={2006},
  publisher={American Statistical Association}
}

  @Book{gelman:hill:2006,
  author = 	 {Gelman, Andrew and Hill, Jennifer},
  title = 	 {Data Analysis Using Regression and Multilevel/Hierarchical Models},
  publisher = 	 {Cambridge University Press},
  year = 	 {2006}
}

@Manual{bates:maec:2005,
    title = {Matrix: A Matrix package for R},
    author = {Douglas Bates and Martin Maechler},
    year = {2005},
    note = {R package version 0.98-7},
  }

  @Manual{bates:maec:2006,
    title = {Matrix: A Matrix package for R},
    author = {Douglas Bates and Martin Maechler},
    year = {2006},
    note = {R package version 0.995-16},
  }


@article{bergstralh:kosa:jaco:1996,
	Author = {Bergstralh, E.J. and Kosanke, J.L. and Jacobsen, S.L.},
	Journal = {Epidemiology},
	Optnote = {\texttt{mayo.edu/hsr/sasmac.html}},
	Optpages = {331--332},
	Optvolume = {7},
	Title = {Software for Optimal Matching in Observational Studies},
	Year = {1996}}

@techreport{hansen:klopfer:2004,
	Author = {Hansen, Ben B. and Klopfer, Stephanie Olsen},
	Keywords = {matched sampling, minimum cost flow, nonrandom treatment assignment, observational study, quasiexperiment, subclassification},
	Local-Url = {~/Private/projects/fmalgorithms/fmaNov04.pdf},
	Month = {March},
        Institution = {Statistics Department, University of Michigan},
	Number = {416},
	Title = {Optimal full matching and related designs via network flows},
	Year = {2005}}

@techreport{hansen:klopfer:2005,
	Author = {Hansen, Ben B. and Klopfer, Stephanie Olsen},
	Keywords = {matched sampling, minimum cost flow, nonrandom treatment assignment, observational study, quasiexperiment, subclassification},
	Local-Url = {~/Private/projects/fmalgorithms/fma20Oct.pdf},
	Month = {March},
        Institution = {Statistics Department, University of Michigan},
	Number = {416},

	Year = {2005}}


@article{hansen:klopfer:2006,
	Author = {Hansen, Ben B. and Klopfer, Stephanie Olsen},
	Title = {Optimal full matching and related designs via network flows},
	Keywords = {matched sampling, minimum cost flow, nonrandom treatment assignment, observational study, quasiexperiment, subclassification},
        Url = {http://www.stat.lsa.umich.edu/\%7Ebbh/hansenKlopfer2006.pdf},
        Journal = jcgs,
        Volume = {15},
        Number = {3},
        Pages = {609--627},
        Year = {2006}
}
@manual{Ho:etal:2004,
	Author = {Ho, Daniel E. and Imai, Kosuke and King, Gary and Stuart, Elizabeth A.},
	Local-Url = {~/Library/aclit/hoImaiKingStuart2004.pdf},
	Title = {\textsc{MatchIt:} Matching Software for Causal Inference},
	Year = {2004}}

@book{ahuja:etal:1993,
	Address = {Englewood Cliffs, NJ},
	Author = {Ahuja, Ravindra K. and Magnanti, Thomas L. and Orlin, James B.},
	Publisher = {Prentice Hall},
	Title = {Network flows: theory, algorithms, and applications},
	Year = {1993}}

@book{bertsekas:1991,
	Author = {Bertsekas, D. P.},
	Note = {\texttt{mit.edu/dimitrib/www/noc.htm}},
	Pages = {359},
	Publisher = {MIT Press},
	Title = {Linear Network Optimization: Algorithms and Codes},
	Year = {1991}}

@article{bertsekas:tsen:1988,
	Author = {Bertsekas, Dimitri P. and Tseng, Paul},
	Journal = {Operations Research},
	Number = {1},
	Pages = {93--114},
	Title = {Relaxation methods for minimum cost ordinary and generalized network flow problems},
	Volume = {36},
	Year = {1988}}

@techreport{bertsekas:tsen:1994,
	Author = {Bertsekas, D. P. and Tseng, P.},
	City = {Cambridge, MA},
	Institution = {M.I.T.},
	Note = {Report P-2276, \texttt{mit.edu/dimitrib/www/noc.htm}},
	School = {Laboratory for Information and Decision Systems},
	Title = {\textsc{relax-iv}: a Faster Version of the \textsc{relax} Code for Solving Minimum Cost Flow Problems},
	Year = {1994}}


@manual{bowers:hansen:2006,
  title = {RItools: Randomization Inference Tools},
  author = {Jake Bowers and Mark Fredrickson and Ben Hansen},
  note = {R package version 0.1-5},
  year = {2008},
  url = {http://jakebowers.org/RItools.html},
}

@article{hall:1935,
	Author = {Hall, Philip},
	Journal = {Journal of the London Mathematical Society},
	Pages = {26--30},
	Title = {On representatives of subsets},
	Volume = {10},
	Year = {1935}}

@book{papadimitriou:stei:1982,
	Author = {Papadimitriou, C.H. and Steiglitz, K.},
	City = {Englewood Cliffs, New Jersey},
	Pages = {496},
	Publisher = {Prentice-Hall},
	Title = {Combinatorial Optimization: Algorithms and Complexity},
	Year = {1982}}

@misc{r-project:2002,
	Author = {{T}he {R} {D}evelopment {C}ore {T}eam},
	Note = {\texttt{cran.r-project.org}},
	Title = {{R}},
	Year = {2002}}

@manual{R:2004,
	Address = {Vienna, Austria},
	Author = {{R Development Core Team}},
	Note = {{ISBN} 3-900051-00-3},
	Organization = {R Foundation for Statistical Computing},
	Title = {R: A language and environment for statistical computing},
	Url = {http://www.R-project.org},
	Year = {2004}}

@manual{optmatch:2004,
	Author = {Hansen, Ben B.},
	Note = {an add-on package for R},
	Title = {\textsc{optmatch}},
	Url = {http://www.stat.lsa.umich.edu/\%7Ebbh/optmatch.html},
	Year = {2005}}

@manual{optmatch-blind:2004,
	Author = {?, ?},
	Title = {\textsc{optmatch}},
	Url = {http://?},
	Year = {2004}}


@article{walkup:1979,
	Author = {Walkup, D.},
	Journal = {SIAM Journal on Computing},
	Pages = {440--442},
	Title = {On the expected value of a random assignment problem},
	Volume = {8},
	Year = {1979}}
