	@article{fogarty2018,
	author = {Fogarty, Colin B},
	date-added = {2020-02-17 18:54:19 -0500},
	date-modified = {2020-02-17 18:55:46 -0500},
	journal = {Journal of the Royal Statistical Society: Series B (Statistical Methodology)},
	number = {5},
	pages = {1035--1056},
	title = {On Mitigating the Analytical Limitations of Finely Stratified Experiments},
	volume = {80},
	year = {2018}}

	@unpublished{fogarty2020,
	author = {Fogarty, Colin B},
	date-added = {2020-07-19 22:26:22 -0400},
	date-modified = {2020-07-19 22:27:48 -0400},
	note = {Working Paper},
	title = {Testing Weak Nulls in Matched Observational Studies},
	year = {2020}}

	@article{rosenbaumkrieger1990,
	author = {Rosenbaum, Paul R and Krieger, Abba M},
	date-added = {2019-08-02 13:41:16 -0400},
	date-modified = {2019-08-02 13:42:07 -0400},
	journal = {Journal of the American Statistical Association},
	number = {410},
	pages = {493--498},
	title = {Sensitivity of Two-Sample Permutation Inferences in Observational Studies},
	volume = {85},
	year = {1990}}

	@article{rosenbaum1993,
	author = {Rosenbaum, Paul R},
	date-added = {2020-09-29 23:49:11 -0400},
	date-modified = {2020-09-29 23:50:02 -0400},
	journal = {Journal of the American Statistical Association},
	number = {424},
	pages = {1250--1253},
	title = {{H}odges--{L}ehmann Point Estimates of Treatment Effect in Observational Studies},
	volume = {88},
	year = {1993}}

	@article{rosenbaum1995,
	author = {Rosenbaum, Paul R},
	date-added = {2020-08-06 23:31:47 -0400},
	date-modified = {2020-08-06 23:32:22 -0400},
	journal = {Journal of the American Statistical Association},
	number = {432},
	pages = {1424--1431},
	title = {Quantiles in Nonrandom Samples and Observational Studies},
	volume = {90},
	year = {1995}}

	@book{rosenbaum2002,
	address = {New York, NY},
	author = {Rosenbaum, Paul R},
	date-added = {2016-06-04 01:05:04 +0000},
	date-modified = {2019-11-20 12:02:33 -0500},
	edition = {Second},
	publisher = {Springer},
	title = {Observational Studies},
	year = {2002}}

	@book{rosenbaum2017,
	address = {Cambridge, MA},
	author = {Rosenbaum, Paul R},
	date-added = {2017-09-16 21:15:24 +0000},
	date-modified = {2021-01-19 13:09:47 -0400},
	publisher = {Harvard University Press},
	title = {Observation and Experiment: An Introduction to Causal Inference},
	year = {2017}}

	@article{zhaoetal2019,
	author = {Zhao, Qingyuan and Small, Dylan S and Bhattacharya, Bhaswar B},
	date-added = {2020-06-05 18:09:08 -0400},
	date-modified = {2020-06-05 18:10:22 -0400},
	journal = {Journal of the Royal Statistical Society: Series B (Statistical Methodology)},
	number = {4},
	pages = {735--761},
	title = {Sensitivity Analysis for Inverse Probability Weighting Estimators via the Percentile Bootstrap},
	volume = {81},
	year = {2019}}

	@article{rosenbaum1999,
	author = {Rosenbaum, Paul R},
	date-added = {2020-02-03 13:06:47 -0500},
	date-modified = {2021-05-04 16:07:29 -0400},
	journal = {Statistical Science},
	number = {3},
	pages = {259--304},
	title = {Choice as an Alternative to Control in Observational Studies},
	volume = {14},
	year = {1999}}

	@article{rosenbaum1989,
	author = {Rosenbaum, Paul R},
	date-added = {2020-02-03 12:34:51 -0500},
	date-modified = {2020-02-03 12:36:21 -0500},
	journal = {The Annals of Statistics},
	number = {2},
	pages = {643--653},
	title = {On Permutation Tests for Hidden Biases in Observational Studies: An Application of Holley's Inequality to the Savage Lattice},
	volume = {17},
	year = {1989}}

	@article{gastwirthetal2000,
	author = {Gastwirth, Joseph L and Krieger, Abba M and Rosenbaum, Paul R},
	date-added = {2019-08-02 13:15:17 -0400},
	date-modified = {2019-08-02 13:17:41 -0400},
	journal = {Journal of the Royal Statistical Society: Series B (Statistical Methodology)},
	number = {3},
	pages = {545--555},
	title = {Asymptotic separability in sensitivity analysis},
	volume = {63},
	year = {2000}}

	@article{rubin1986,
	author = {Rubin, Donald B},
	date-added = {2016-10-03 17:35:54 +0000},
	date-modified = {2020-06-06 23:34:42 -0400},
	journal = {Journal of the American Statistical Association},
	number = {396},
	pages = {961-962},
	title = {Which Ifs Have Causal Answers? ({C}omment on `{S}tatistics and Causal Inference' by {P}aul {W}. {H}olland).},
	volume = {81},
	year = {1986}}

	@unpublished{fogarty2020,
	author = {Fogarty, Colin B},
	date-added = {2020-07-19 22:26:22 -0400},
	date-modified = {2020-07-19 22:27:48 -0400},
	note = {Working Paper},
	title = {Testing Weak Nulls in Matched Observational Studies},
	year = {2020}}

	@article{rosenbaum2018,
	author = {Rosenbaum, Paul R},
	date-added = {2019-08-02 13:18:03 -0400},
	date-modified = {2019-08-02 13:18:56 -0400},
	journal = {Annals of Applied Statistics},
	number = {4},
	pages = {2312--2334},
	title = {Sensitivity Analysis for Stratified Comparisons in an Observational Study of the Effect of Smoking on Homocysteine Levels},
	volume = {12},
	year = {2018}}








